2642 4209
226 277 424 356 arrarurslcn
447 311 601 356 sanctatis.
618 329 656 338 -—
671 313 886 358 rsrcuotoera.
1011 298 1071 360 115

49 443 183 502 sensus,
207 429 302 501 cuius
324 429 493 509 objectum
514 429 727 507 adaequatum
747 439 797 493 est
827 431 995 502 sensibile,
1025 431 1069 494 ad

47 510 225 570 veritatem
239 512 462 571 necessariam
483 526 520 570 se
542 511 691 572 attollere
711 527 779 572 non
799 516 920 588 potest,
944 525 1019 590 quae
1033 512 1068 574 in

48 590 154 651 rebus
175 589 384 651 sensibilibus
404 590 543 667 reperiri
561 591 678 668 nequit
697 607 855 669 unquam.

52 696 123 758 185.
147 728 185 737 -
206 697 325 756 'lassis
353 697 388 756 ll.
413 698 496 756 ticet
519 695 759 758 intellectuose
782 697 924 773 facultas
938 699 1067 775 inerpe-

91 778 178 844 m'ca‚
195 777 395 837 eoetrtnsecus
408 781 517 837 tameo
532 792 552 835 a
566 792 701 852 corpore
710 778 838 852 pendet.

91 882 191 942 Preb.
210 883 232 942 l.
256 883 302 942 Ex
321 879 408 941 facto
431 885 559 942 constat
579 881 747 942 hominem
769 882 864 962 cujus
882 882 1067 944 ‘cerebrum

52 959 176 1022 infelici
191 977 271 1021 casu
291 960 431 1035 laeditur,
454 967 511 1022 aut
533 962 644 1038 quiin
665 962 815 1022 morbum
837 962 961 1037 incidit,
984 962 1068 1025 febri

54 1047 237 1119 torquetur,
263 1045 340 1114 ete,
363 1041 565 1119 quandoque
587 1041 629 1101 ad
643 1045 774 1118 tempus
788 1043 841 1104 vel
854 1045 983 1120 reliqua
999 1048 1068 1104 tota

54 1123 119 1182 vita
145 1121 311 1192 insanire;
336 1123 427 1198 atqui
449 1137 535 1182 noxa
557 1121 703 1197 corporis
724 1122 855 1184 nonita
876 1123 1064 1202 intelligen·
1298 1168 1299 1185 i

55 1203 108 1262 tiae
124 1202 352 1278 operationem
364 1202 588 1272 conturbaret,
599 1203 626 1260 si
646 1201 719 1261 haec
739 1199 878 1263 facultas
893 1219 912 1262 a
926 1219 1066 1280 corpore
1181 1271 1185 1279 ,
1280 1233 1284 1252 =

58 1281 247 1342 nullatenus
283 1279 456 1358 penderet.
492 1281 577 1359 Ergo
597 1281 786 1342 intellectus
807 1299 827 1342 a
848 1298 984 1359 corpore
1008 1300 1069 1343 ex-

56 1364 210 1420 trinsecus
230 1359 356 1437 pendet
380 1380 387 1420 z
411 1360 483 1420 haec
505 1361 595 1421 enim
627 1359 861 1437 dependentia,
894 1365 1046 1424 totrtosec

56 1455 130 1501 esse
152 1440 278 1517 nequit,
301 1449 338 1500 ut
359 1444 487 1504 constat
508 1457 550 1501 ex
572 1439 676 1502 dictis.
1034 1468 1036 1472 ·

94 1520 191 1580 Prob.
215 1521 251 1580 ll.
277 1521 355 1582 Unio
378 1523 496 1581 animae
519 1528 552 1582 et
573 1521 717 1596 corporis
737 1537 805 1582 non
837 1525 887 1582 est
917 1520 1067 1583 acciden-

59 1601 141 1675 talis
165 1599 225 1660 sed
248 1599 384 1680 physica
405 1605 438 1661 et
452 1601 674 1661 substantialis
694 1599 746 1679 (ll,
773 1601 840 1673 123,
864 1600 949 1680 124);
976 1603 1067 1679 atqui

55 1683 133 1742 unio
155 1680 293 1759 physica
315 1685 349 1741 et
369 1681 593 1741 substantialis
615 1680 803 1757 expostulat
823 1681 966 1758 aliquam
977 1682 1064 1744 ordi·

57 1763 225 1820 nationem
246 1764 280 1820 et
301 1759 559 1837 dependentium
579 1760 666 1820 inter
685 1760 856 1838 utriusque
878 1762 1069 1822 substantiae

57 1843 141 1901 vires
156 1844 190 1899 et
211 1841 430 1916 operationes.
454 1842 537 1918 Ergo
559 1839 646 1900 vires
666 1839 875 1901 intellectione
897 1857 915 1901 a
932 1857 1071 1919 corpore

61 1921 167 1997 aliquo
190 1921 289 1980 modo
311 1918 460 1997 pendere
483 1920 619 1981 debent.

98 1999 166 2060 186.
190 2031 229 2041 -
250 2001 359 2062 Sobel.
384 2000 530 2062 Firmitas
551 2011 657 2059 nexus
679 2014 745 2075 quo
766 2000 876 2060 anima
897 2007 930 2061 et
952 2016 1071 2078 corpus

60 2082 316 2158 conjunguntur,
338 2081 424 2140 hanc
446 2083 641 2142 extrinsecae
673 2077 908 2156 dependentiae
939 2096 1071 2142 mensu-

59 2175 126 2220 ram
146 2161 219 2220 init.
273 2215 276 2222 i

97 2240 166 2301 187.
191 2273 228 2282 -
263 2240 309 2296 De
343 2239 464 2315 objecto
497 2237 687 2298 intellectos.
720 2237 802 2298 Cum
822 2238 1010 2301 intellectus
1031 2241 1073 2301 sit

60 2321 205 2396 potentia
225 2319 356 2394 passiva
377 2333 451 2397 quae
473 2323 624 2378 movetur
653 2322 833 2395 antequam
862 2335 899 2379 se
928 2326 1070 2394 moveat,

61 2399 225 2478 objectum
247 2397 433 2459 intellectus
455 2396 578 2474 duplex
608 2397 763 2477 distingui
794 2401 914 2474 potest,
947 2401 1075 2462 scilicet

60 2482 213 2540 motivum
235 2481 269 2538 et
290 2479 540 2538 terminationem.
565 2475 741 2552 Obiectum
762 2480 923 2539 motivum
937 2495 998 2541 seu
1015 2481 1070 2540 ob-

57 2561 177 2634 jectum
191 2573 267 2634 quo,
283 2561 333 2618 est
347 2558 427 2618 illud
443 2555 534 2635 quod
554 2561 666 2617 movet
686 2558 890 2618 intellectum
911 2559 953 2620 ad
973 2561 1070 2622 intel-

61 2638 240 2717 ligendum.
264 2636 441 2715 objectum
463 2637 704 2697 terminativum
725 2654 788 2698 seu
801 2638 958 2714 objectum
974 2641 1072 2716 qood,

63 2717 162 2780 estid
183 2716 226 2777 ad
249 2717 339 2794 quod
362 2717 553 2779 terminatur
573 2717 762 2780 intellectio.
788 2718 835 2778 De
850 2718 1072 2782 hocsecundo

61 2800 92 2859 ln
112 2796 267 2874 prasenti
288 2813 438 2876 agemus,

95 2881 137 2939 nt
156 2876 351 2956 hujusmodi
364 2877 533 2957 objectum
553 2873 704 2936 bifariam
734 2879 834 2937 etiam
869 2879 1071 2942 considerari

60 2962 178 3034 potest,
200 2957 357 3017 nimirum
377 2955 593 3018 materialiter
619 2961 653 3016 et
683 2952 867 3016 formaliter
887 2956 973 3037 (142)
1008 2977 1015 3019 :
1043 2961 1073 3022 l⁰

62 3038 228 3116 objectum
241 3037 411 3098 materiale
432 3036 619 3096 intellectus
632 3033 807 3112 adaequate
829 3043 998 3114 sumptum
1020 3044 1071 3102 est

63 3133 156 3178 omne
178 3131 256 3188 ens;
279 3117 311 3176 2²
333 3117 503 3195 objectum
523 3113 660 3179 fonnale
681 3115 879 3188 intellectus,
901 3133 963 3178 seu
990 3118 1073 3180 illud

63 3198 153 3276 cujus
175 3196 394 3272 apprehensio
417 3196 459 3257 ad
480 3195 588 3256 solum
608 3194 814 3255 intellectum
834 3194 989 3273 pertinet,
1022 3206 1072 3261 est

64 3277 179 3355 objecti
199 3276 376 3338 materialis
388 3275 530 3336 essentia
551 3291 613 3337 seu
634 3273 811 3353 quidditas.

66 3375 128 3436 188.
152 3407 191 3416 —
212 3375 332 3435 THESlS.
364 3374 415 3434 lll.
445 3373 607 3449 objectum
632 3374 719 3448 quod
744 3373 951 3448 adaequatum
976 3363 1067 3440 intel-

100 3455 198 3516 lectus
213 3459 257 3515 est
272 3470 363 3514 omae
377 3471 441 3522 ees,
459 3453 632 3513 dommodo
647 3454 710 3511 rite
719 3459 935 3527 proponatur.

100 3546 191 3605 Note.
215 3543 277 3603 Per
298 3543 466 3621 objectum
488 3543 574 3616 quod
594 3538 808 3616 adaequatum
841 3541 921 3602 illud
952 3542 1070 3609 intelli-

67 3624 149 3701 gitur
179 3628 272 3684 extra
304 3622 395 3699 quod
425 3621 505 3682 nihil
540 3621 705 3697 reperitur
745 3618 835 3697 quod
864 3636 882 3681 a
911 3619 1069 3689 facultate

67 3702 266 3782 apprehendi
285 3702 400 3780 possit,
424 3705 459 3764 et
479 3699 599 3762 exinde
620 3698 849 3776 complectitur
869 3715 985 3764 omnes
1013 3722 1069 3768 ra·
