2642 4209
530 279 923 323 METAPHYSICA
964 279 1274 325 spncmms.
1307 299 1385 308 —
1415 279 1624 325 Timor„
1672 280 1806 324 ΝΑΤ.
2080 264 2200 325 249

146 386 469 448 absoluta
502 390 743 451 Cez'lz‘tae
786 392 996 451 David
1032 394 1310 465 tradent,
1341 393 1470 453 imo
1519 395 1620 452 est
1661 392 1843 469 prius
1872 407 2061 465 vera;
2101 413 2201 456 sn-

143 465 208 527 la
257 468 449 527 enim
493 468 867 542 conditione
912 471 1129 533 differt
1166 489 1300 533 una
1342 474 1424 534 ab
1470 473 1699 543 altera3
1747 481 1942 551 porro
1985 477 2197 550 posita

146 545 567 620 conditione,
642 552 1003 627 propositio
1074 553 1517 613 conditionata
1587 550 1804 613 evadit
1875 552 2193 613 absoluta.

143 624 329 704 Ergo
379 642 515 689 non
556 627 885 691 verificata
929 630 1328 706 conditione,
1376 636 1477 693 est
1521 631 1720 694 etiam
1764 632 2197 693 determinati-1

144 720 345 769 vera.

227 786 559 848 Praeterea
603 787 745 849 duae
788 794 1147 867 sequentes
1206 789 1693 867 propositiones
1757 792 2193 853 contradictu-

145 864 258 926 riae
306 873 659 945 nequeunt
702 883 849 929 esse
892 870 1084 930 simul
1122 868 1297 931 falsae
1346 890 1362 931 ε
1410 871 1492 931 Si
1529 871 1719 932 Ceilae
1746 877 2037 933 remanet
2065 877 2198 933 fin·—

145 946 290 1017 vid,
324 949 626 1008 tradetur
654 949 853 1027 Sauli
874 969 895 1008 .·
924 950 1220 1018 Sicez'lae
1247 953 1537 1009 remanet
1566 951 1798 1019 David,
1832 967 1959 1011 non
1985 953 2197 1013 traria*

148 1031 266 1085 tur
298 1027 504 1087 Sauli
527 1047 549 1087 .·
590 1027 795 1090 David
836 1043 971 1089 non
1012 1030 1205 1091 simul
1248 1029 1544 1091 tradetur
1585 1034 1654 1091 et
1694 1046 1829 1091 non
1875 1031 2193 1091 tradetur.

150 1106 338 1185 Ergo
379 1121 513 1166 una
557 1106 761 1169 debet
804 1124 951 1169 esse
996 1108 1434 1171 determinate
1480 1125 1658 1185 vera,
1706 1126 1782 1171 ac
1825 1109 2105 1187 proinde
2165 1129 2197 1169 a

152 1186 307 1248 Deo
355 1188 692 1265 cognosci.

238 1265 389 1327 424.
436 1299 515 1309 --
557 1270 649 1326 De
688 1268 899 1328 medio
941 1267 1216 1328 scientiae
1268 1269 1522 1329 divinae.
1568 1270 1716 1330 Jam
1778 1272 1974 1329 antea
2037 1269 2197 1329 dlxi-

152 1361 315 1405 mus
357 1345 747 1422 principium
807 1343 1080 1408 formale
1147 1349 1465 1409 motivum
1511 1347 1742 1409 divinae
1788 1350 2201 1427 cognitionis,

150 1426 422 1486 nullum
444 1441 591 1486 esse
614 1424 791 1486 aliud
814 1442 1011 1503 quam
1034 1425 1323 1488 divinam
1347 1428 1704 1490 essentiam
1725 1428 1819 1504 (ΙΙ,
1850 1428 1992 1501 403,
2033 1429 2197 1501 emm.

150 1506 240 1565 At
284 1509 653 1581 conceptus
694 1504 896 1566 medii
939 1508 1007 1565 in
1049 1514 1322 1581 quoest
1364 1507 1708 1570 distinctus
1771 1525 1809 1569 a
1872 1517 2201 1585 conceptu

150 1584 462 1662 principii
523 1582 833 1647 formalis,
902 1587 1184 1647 Medium
1246 1586 1426 1647 enim
1487 1588 1877 1667 cognitionis
1940 1593 2041 1649 est
2109 1589 2197 1661 iil,

152 1679 296 1741 quo
342 1666 627 1741 cognito,
675 1665 1061 1725 devenimus
1120 1668 1189 1727 in
1254 1667 1530 1728 aliorum
1595 1670 2037 1746 cognitionem
2097 1669 2197 1745 (ll,

154 1743 340 1820 222);
389 1743 590 1805 medii
635 1760 793 1822 ergo
844 1744 1127 1823 cognitio
1174 1751 1272 1806 est
1312 1748 1479 1809 ratio
1524 1751 1638 1808 aut
1681 1764 1877 1808 causa
1924 1764 2037 1809 cur
2081 1749 2193 1805 ali-

153 1822 325 1901 quid
387 1822 565 1884 aliud
630 1829 1103 1902 cognoscatur;
1150 1841 1211 1887 v.
1258 1842 1354 1905 g.,
1405 1826 1722 1904 principia
1765 1831 1920 1888 sunt
1980 1829 2193 1887 media

156 1902 617 1981 cognoscendi
662 1905 1141 1965 conclusiones,
1796 1951 1805 1976 ,

240 1985 322 2045 Ut
364 1981 613 2061 aliquid
653 1985 977 2045 rationem
1031 1984 1231 2045 medii
1299 1986 1600 2047 ducentis
1645 1987 1711 2046 in
1765 1984 2029 2047 alterius
2085 2005 2197 2041 vn—

154 2065 523 2140 gnitionem
587 2062 834 2125 hahere
896 2066 1126 2140 possit,
1175 2064 1306 2125 duo
1373 2067 1647 2126 maxime
1705 2067 2133 2142 requiruntur
2181 2089 2193 2125 ;

158 2144 221 2203 1⁰
266 2147 343 2203 ut
382 2142 757 2216 antecedat,
804 2145 1033 2204 saltem
1079 2146 1412 2222 prioritate
1455 2148 1702 2205 naturae
1749 2148 1815 2205 et
1855 2149 2197 2216 ¹caus-aliia>-

154 2222 262 2295 tiS,
311 2238 450 2283 rem
496 2238 685 2299 quam
732 2223 1133 2295 manifestat;
1181 2225 1245 2285 2⁰
1304 2228 1381 2284 ut
1444 2223 1832 2284 relationem
1886 2241 2193 2286 nece-affii-

151 2300 319 2361 riam
365 2307 480 2363 aut
519 2304 753 2361 saltem
798 2302 1198 2363 infallibilem
1246 2304 1727 2364 connexionem
1771 2304 2012 2365 habeat
2053 2325 2197 2365 cum

153 2397 229 2442 re
275 2380 711 2443 manifestata.
762 2382 1233 2445 Deficientibus
1276 2384 1378 2444 his
1435 2381 1947 2456 conditionibus,
1993 2401 2193 2445 unum

156 2476 244 2522 ex
286 2462 414 2522 alio
460 2461 773 2541 colligere
816 2478 950 2524 non
992 2462 1243 2523 liceret.
1293 2464 1396 2524 Hae
1441 2462 1854 2523 conditiones
1882 2479 2064 2523 suam
2097 2485 2197 2521 m:-

159 2557 319 2602 cum
361 2540 647 2602 afferunt
688 2542 1171 2618 probationem.

237 2622 383 2681 Jam
442 2638 601 2683 vero
671 2637 755 2681 ex
814 2626 1011 2683 antea
1073 2620 1437 2682 enucleatis
1497 2619 1710 2698 liquet
1775 2640 1790 2682 ε
1866 2621 1923 2682 1⁶
1983 2622 2193 2682 Deum

156 2715 349 2762 suam
396 2700 747 2762 essentiam
777 2700 1181 2773 immediate,
1229 2699 1297 2761 id
1341 2703 1465 2769 est,
1510 2698 1654 2761 sine
1698 2699 1919 2763 medio
1953 2717 2193 2781 cogim-

157 2795 383 2853 scere3
429 2782 587 2843 nihil
633 2784 811 2841 enim
851 2785 1071 2859 potest
1114 2780 1368 2856 concipi
1412 2779 1630 2841 divina
1673 2780 1960 2843 essentia
2003 2789 2189 2841 antw-

155 2863 319 2933 riuS,
366 2860 434 2919 in
498 2877 628 2938 quo
695 2862 826 2921 haec
892 2860 1204 2939 cognosci
1248 2861 1488 2938 possit;
1535 2860 1760 2938 itaque
1808 2861 2093 2922 essentia
2161 2881 2189 2917 :l

159 2941 303 3079 Decl)
348 2941 788 3018 cognoscitur,
834 2944 909 3000 ut
952 2941 1287 3020 objectum
1331 2939 1525 2999 simul
1565 2940 1908 3002 materiale
1955 2946 2017 3002 et
2061 2941 2189 3001 fin*-

157 3037 264 3080 ma
296 3036 363 3091 e;

238 3102 304 3161 2⁰
346 3100 557 3160 Deum
598 3116 706 3161 res
750 3099 907 3160 alias
938 3115 975 3159 a
1005 3114 1077 3159 se
1106 3098 1175 3158 in
1202 3097 1421 3174 seipso
1457 3112 1888 3176 cognoscere,
1918 3113 2053 3159 non
2085 3117 2189 3157 an-

161 3182 298 3240 tem
361 3179 428 3238 in
491 3179 616 3241 alio
663 3198 677 3239 ε
726 3181 1011 3240 essentia
1057 3184 1156 3239 est
1195 3180 1392 3239 unica
1446 3179 1709 3254 species
1769 3179 2197 3259 intelligibilis

161 3274 293 3337 qua
336 3260 515 3319 Deus
558 3259 779 3320 omnia.
818 3259 1157 3337 cognoscit
1198 3258 1296 3337 (ΙΙ,
1345 3257 1510 3334 405),
1558 3260 1750 3320 etiam
1816 3262 2197 3321 existentias

160 3336 525 3400 secundum
572 3355 721 3399 esse
768 3338 948 3415 quod
988 3338 1240 3399 hahent
1280 3340 1349 3399 in
1394 3338 1630 3414 seipsis
1674 3336 1762 3418 (n,
1794 3339 1956 3416 405).
1991 3337 2193 3405 Dens,

163 3421 275 3495 qui
341 3422 443 3479 est
506 3419 842 3494 exemplar
903 3423 970 3479 et
1030 3433 1227 3480 causa
1288 3418 1578 3478 omnium
1642 3434 1886 3490 rerum,
1935 3425 2037 3481 est
2081 3421 2189 3477 sihi

160 3499 327 3558 ratio
373 3497 815 3575 cognoscendi
857 3498 1074 3558 omnia
1118 3498 1266 3567 alia,
1314 3513 1456 3574 quae
1497 3496 1827 3558 habentur
1866 3501 1942 3558 ut
2004 3497 2193 3573 ubje-

162 3583 342 3717 ftum
383 3594 548 3653 pure
593 3575 949 3639 materiale.
996 3578 1068 3639 In
1107 3577 1291 3638 hisce
1321 3575 1723 3639 affirmandis
1754 3592 1983 3639 omnes
2006 3581 2191 3638 sclin-

187 3674 235 3719 ae
279 3658 702 3720 conveniunt.
