2642 4209
246 293 447 338 nnrttnnrsmn
469 292 625 338 succinus,
642 311 681 320 —
695 293 924 343 osroaoioon„
1033 275 1096 337 165..

492 435 532 483 De
551 434 666 496 judicio.

110 541 180 602 273.
207 543 237 604 1ο
257 541 348 604 hiens
370 541 545 616 osimpiiei
558 544 809 619 apprehensione
823 546 868 604 od
881 544 1011 619 judicio
1034 542 1085 616 ef·

72 621 248 696 formando
256 624 363 698 perpit
385 643 395 682 .·
410 621 573 700 judicium
595 622 684 682 enim
700 623 899 700 estquidam
915 627 1085 699 actusquo

73 715 167 761 mens
204 699 285 762 duos
322 708 504 779 conceptus
524 703 557 763 in
579 719 683 762 unum
718 701 964 785 quodammodo
997 717 1086 762 com·

74 781 166 856 ponit
188 780 261 858 (37).
297 782 440 858 Simplex
475 782 695 858 apprehensio
722 808 734 836 ‹
759 787 810 844 est
838 782 1088 846 indivisibilium

73 861 292 935 intelligentia
322 886 350 934 ›‚
382 869 418 923 ut
450 861 528 924 dicit
559 867 694 922 sanctus
722 863 882 934 Thomas;
923 879 984 938 per
1013 877 1087 930 eam

76 942 162 1000 enim
182 940 462 1018 apprehendimus
485 942 664 1002 essentiam
685 942 950 1019 uniuscujusque
972 941 1020 1002 rei
1052 941 1086 1001 in

74 1024 191 1094 seipsa.
214 1021 283 1082 Alia
304 1021 451 1096 operatio
476 1029 525 1084 est
542 1021 716 1101 judicium,
741 1022 831 1100 quod
863 1021 1031 1097 componit
1053 1025 1088 1081 et

76 1099 187 1162 dividit
221 1102 504 1178 apprehensiones
539 1103 706 1178 simplices
737 1121 743 1163 :
773 1102 899 1180 judicia
928 1102 1027 1169 enim
1051 1102 1088 1161 ut

75 1179 224 1255 diximus
248 1185 324 1241 sunt
345 1183 396 1242 vel
419 1181 594 1260 analytica,
617 1182 671 1242 vel
691 1183 878 1260 synthetica
895 1181 969 1260 (59),
986 1179 1087 1257 siqui·

76 1259 149 1399 dffm
170 1261 320 1419 me(ns43n
337 1259 519 1341 Judicando
542 1261 694 1339 procedit
709 1279 769 1340 per
784 1261 946 1341 analysim
960 1265 996 1322 et
1010 1277 1086 1340 syn·

76 1340 192 1401 tesim
226 1343 266 1402 ‘27
302 1387 309 1400 .

110 1421 142 1481 2⁰
156 1419 237 1480 Cum
257 1435 352 1481 mens
369 1421 525 1497 primitiis
546 1436 565 1480 a
586 1421 726 1498 simplici
748 1420 1017 1498 apprehensione
1040 1420 1082 1481 ad

69 1497 231 1575 judicium
249 1500 371 1578 pergit,
393 1501 517 1574 soroiot
531 1502 643 1576 primo
651 1503 818 1576 principio
835 1520 890 1563 seii
904 1502 1084 1561 ooeiooioio.

73 1580 213 1641 Primum
234 1582 430 1657 principium
452 1580 496 1640 ita
512 1579 702 1641 immediate
718 1581 926 1643 efformatum
939 1586 989 1641 est
999 1582 1086 1658 prin-

74 1659 191 1734 cipium
213 1659 482 1722 contradictionis
506 1678 512 1718 :
536 1661 670 1736 Aliquid
686 1677 749 1720 ooo
774 1665 876 1740 potest
896 1659 996 1721 simul
1020 1677 1087 1720 esse

74 1744 101 1798 et
115 1757 174 1799 ooo
189 1756 266 1806 esse,
282 1738 372 1817 quod
395 1739 535 1817 exquirit
554 1739 746 1815 simpliciter
767 1745 965 1817 conceptum
987 1740 1083 1801 entis,

112 1821 201 1879 Noto.
216 1818 296 1879 Cum
307 1819 460 1881 doctores
470 1820 655 1881 scholastici
666 1819 835 1881 declarant
845 1822 993 1882 innatum
1010 1830 1095 1880 esse·

71 1898 249 1973 primorum
271 1899 505 1976 principiorum
525 1899 686 1970 habitum,
708 1898 743 1961 id
766 1899 904 1978 intelligi
921 1899 1021 1960 debet
1034 1916 1085 1961 so-

72 1978 237 2040 lummodo
261 1977 302 2039 de
325 1979 465 2040 naturali
486 1979 698 2040 inclinatione
720 1979 763 2040 ad
783 1981 1020 2058 haecprincipia
1033 1997 1085 2041 co-

72 2057 281 2135 gnoscenda:
306 2059 381 2119 ideo
405 2061 482 2137 quia
502 2060 569 2119 haec
593 2059 751 2135 principia
772 2065 850 2120 sunt
867 2076 976 2136 perse
995 2065 1083 2130 noio,

74 2153 182 2198 eorum
219 2138 362 2217 cognitio
395 2141 490 2200 nobis
520 2140 713 2200 naturaliter
734 2141 830 2201 inest.
850 2137 975 2200 Sufficit
996 2139 1085 2199 enim

72 2223 103 2277 ut
135 2233 230 2277 mens
252 2220 284 2280 in
309 2223 418 2279 actum
445 2218 669 2296 cognoscendi
701 2218 886 2295 perfectum
919 2222 1083 2294 erumpat,

72 2301 104 2356 ut
124 2296 166 2356 ad
188 2313 305 2358 eorum
328 2297 551 2376 cognitionem
574 2299 739 2359 deveniat.
775 2325 788 2354 ι
813 2301 962 2376 lpsoru'm
993 2300 1093 2373 prin-¹

74 2377 228 2453 cipiorum
251 2380 393 2457 cognitio
416 2377 449 2436 in
470 2378 567 2438 nobis
589 2395 607 2438 a
630 2379 843 2440 sensibilibus
874 2384 1080 2451 causatur»,

72 2457 149 2518 sicut
169 2471 404 2532 saepenumero
428 2461 561 2518 sanctus
582 2459 723 2520 Thomas
746 2457 869 2520 diserte
891 2456 1041 2520 affirmat.

105 2538 189 2614 Ergo
214 2552 289 2607 cum
312 2553 353 2597 ex
373 2553 439 2598 una
461 2542 556 2613 parte
576 2539 650 2598 haec
672 2540 831 2616 principia
864 2555 938 2601 esse
958 2539 1082 2607 innata,

72 2619 100 2675 et
121 2633 162 2676 ex
183 2617 287 2677 altera
310 2632 424 2678 eorum
447 2618 669 2696 cognitionem
683 2620 787 2694 accipi
809 2635 870 2694 per
891 2617 1085 2680 abstractio-

71 2711 144 2754 nem
178 2696 365 2758 intellectus
401 2699 530 2775 agentis
566 2696 706 2758 affirmet
729 2699 761 2758 S.
785 2701 918 2769 hoctor,
948 2698 1101 2759 minime*

73 2776 254 2852 ambiguum
279 2781 329 2837 est
351 2779 431 2855 quin
453 2777 507 2837 hic
529 2777 659 2838 habitus
680 2778 813 2838 innatus
834 2779 1082 2855 principiorum,

73 2855 100 2913 in
120 2863 230 2916 mente
253 2856 393 2936 angelici
415 2859 574 2928 Deciens,
597 2865 634 2918 ut
653 2859 812 2919 naturalis
842 2859 1009 2921 inclinatio
1040 2857 1100 2920 ad-

72 2933 131 2994 haec
152 2936 308 3012 principia
330 2938 392 2997 cito
417 2935 652 3016 cognoscenda
673 2937 845 3001 habeatur.

72 3048 133 3108 274.
158 3083 198 3093 —
217 3050 335 3111 Timere.
367 3050 519 3126 Simplex
549 3051 762 3127 apprehensio
785 3069 912 3130 semper
930 3055 1084 3129 praecedit

497 3132 670 3207 iodicium.

106 3243 196 3301 Noto.
221 3242 298 3302 llaec
320 3241 420 3303 thesis
443 3249 553 3306 contre
575 3243 724 3307 Reidium
747 3245 889 3325 ejusque
922 3247 1081 3318 scholam.

70 3318 264 3381 Rosminium
286 3323 320 3382 et
341 3323 422 3382 alios
442 3323 671 3386 introducitur.

105 3426 198 3488 Proh.
211 3425 404 3500 ‘Quodlibet
419 3427 584 3506 judicium
606 3430 672 3490 duo
696 3433 885 3506 expostulat
916 3431 1083 3494 elementa

71 3505 205 3581 cognita,
242 3506 398 3567 nimirum
417 3507 452 3568 id
475 3508 565 3586 quod
598 3507 778 3571 affirmatur
800 3511 842 3572 de
864 3511 1015 3591 subjecto
1048 3517 1082 3575 et

70 3583 169 3656 ipsum
190 3584 391 3664 subjecturm
422 3589 512 3666 atqui
534 3589 607 3650 haec
629 3589 695 3651 duo
719 3591 887 3653 elementa
908 3597 986 3652 sunt
1000 3607 1080 3653 oon·

73 3668 192 3740 ceptus,
214 3668 271 3743 qui
291 3667 430 3744 proinde
452 3666 591 3746 simplici
612 3671 879 3747 apprehensione
902 3671 1080 3734 efforman-

1243 3759 1274 3775 „fl
