2642 4209
211 268 268 330 tuo
522 285 700 330 neuviimmt
721 282 921 329 unicusorunu

207 399 375 480 objectum
391 399 432 460 ab
454 399 627 460 intellectu
641 400 847 475 propositum
866 399 1019 461 voluntas
1032 401 1158 478 respuit.
1175 404 1206 463 td

208 483 297 542 enim
312 482 347 541 in
363 478 514 541 confesso
532 484 582 540 est
597 479 686 556 apud
699 494 827 539 omnes.

206 611 276 674 206.
292 643 331 654 -
345 613 453 673 Tuus1s
468 612 491 671 Ι.
520 611 671 673 Voluntas
692 615 842 686 oppetere
864 610 972 687 nequit
995 611 1061 686 nisi
1080 613 1114 672 id
1134 617 1210 690 paoli

247 693 313 768 ipsi
318 694 516 768 proponitur
529 692 585 751 aab
600 691 728 750 ratione
741 691 827 752 boui.

247 827 341 886 Note.
366 825 388 885 1.
412 823 620 884 Affirmamus
636 824 671 885 in
692 824 755 884 hac
777 823 862 885 thesi
885 825 1087 886 voluntatem
1100 825 1209 887 solum-

207 903 307 968 modo
336 905 462 966 bonum
492 907 651 981 appetere
683 919 793 980 posse,
824 910 857 963 et
887 903 1039 980 proinde,
1067 914 1211 981 respectu

207 985 306 1064 hujus
342 983 516 1056 facultatis,
551 984 723 1062 objectum
747 981 959 1061 adaequatum
980 987 1211 1061 prosecutionis

209 1065 442 1138 essebonum,
466 1063 549 1124 sicut
575 1064 743 1143 objectum
775 1065 955 1124 aversionis
986 1069 1037 1125 est
1065 1066 1210 1125 malum:
1294 1044 1295 1125 d

209 1143 270 1206 sed
297 1143 349 1203 hic
381 1148 489 1224 agitur
510 1143 551 1204 de
573 1144 661 1205 bono
694 1149 793 1220 prout
815 1147 866 1203 est
893 1145 928 1203 in
958 1145 1211 1221 apprehensione,

158 1228 160 1233 '
208 1240 276 1286 non
298 1227 411 1283 autem
431 1228 529 1299 prout
544 1229 594 1284 est
614 1224 648 1282 in
668 1239 716 1282 re.
740 1223 897 1283 Voluntas
921 1225 1009 1284 enim
1031 1239 1098 1284 non
1118 1223 1215 1287 fertur

206 1304 269 1364 nisi
289 1303 323 1363 in
345 1303 667 1378 bonumamicum,
691 1304 788 1382 juxta
816 1303 952 1364 effatum
974 1323 981 1364 :
1009 1304 1110 1379 lpnoti
1129 1305 1216 1365 netto

206 1384 333 1458 cupido.
350 1384 453 1462 igitur
473 1399 590 1461 parum
613 1380 714 1443 refert
734 1387 845 1443 utrum
866 1382 947 1444 illud
971 1382 1062 1460 quod
1085 1385 1119 1442 io
1133 1387 1216 1446 ecte·

205 1465 370 1602 temptione
397 1470 433 1525 ut
462 1463 588 1523 bonum
616 1463 768 1537 habetur,
800 1463 841 1523 sit
869 1479 987 1540 reapse
1018 1462 1142 1525 bonum
1166 1465 1217 1526 vet

206 1558 263 1604 ma
276 1559 343 1603 um.

246 1641 340 1701 Note.
364 1639 401 1700 ll.
424 1639 500 1700 Haec
517 1638 676 1713 doctrina,
696 1643 733 1700 ut
747 1641 793 1701 ait
806 1639 946 1701 Poncius
962 1636 1016 1718 (l),
1036 1663 1049 1693 ι
1067 1647 1118 1701 est
1133 1654 1215 1700 oom-

205 1719 409 1792 munissima‚
434 1720 592 1798 quamvis,
618 1735 694 1780 meo
719 1718 858 1798 judicio,
886 1736 954 1781 non
975 1720 1017 1779 sit
1042 1727 1110 1781 tam
1130 1717 1217 1780 facile

205 1799 295 1860 illam
315 1800 455 1888 probare
478 1815 577 1877 quam
598 1800 703 1862 videri
717 1804 841 1876 posset.
868 1824 880 1852 ι

248 1898 346 1958 Prota
368 1898 391 1958 l.
407 1897 469 1957 Per
489 1897 606 1958 bonum
620 1897 812 1976 intelligitur
832 1895 866 1956 id
883 1895 974 1975 quod
989 1896 1100 1973 aliquo
1122 1896 1215 1956 modo

209 1976 360 2055 subjecto
381 1977 502 2038 volenti
527 1979 680 2040 convenit
701 1976 799 2056 (317);
825 1978 916 2054 atqui
936 1979 1034 2048 velle,
1058 1981 1218 2053 quatenus

209 2060 260 2116 est
281 2071 317 2116 se
338 2072 472 2118 nievere
494 2073 555 2118 seu
577 2057 716 2119 tendere
732 2057 775 2117 ad
796 2056 922 2134 aliquid
943 2057 1140 2130 ledendum,
1156 2064 1218 2117 non

201 2140 319 2212 ,potest
339 2137 463 2198 versari
483 2139 545 2199 nisi
567 2139 653 2198 circa
674 2138 842 2216 objectum
858 2134 949 2214 quod
968 2137 1002 2196 in
1022 2150 1129 2196 unum
1151 2151 1220 2196 cum

208 2214 342 2276 volente
363 2220 468 2292 possit
489 2217 598 2294 aliquo
621 2216 721 2277 modo
743 2219 868 2278 venire.
893 2219 977 2295 Ergo
992 2216 1146 2276 voluntas
1159 2231 1222 2277 nou

208 2298 320 2374 potest
341 2297 425 2357 velte
447 2296 509 2357 nisi
530 2297 565 2358 id
587 2297 678 2375 quod
699 2297 762 2373 ipsi
777 2299 941 2367 convenit,
965 2312 1027 2356 seu
1047 2296 1186 2357 bonum.
1293 2352 1294 2373 p

248 2374 299 2436 Ad
329 2375 557 2438 dilucidiorem
588 2378 725 2436 minoris
754 2377 1038 2453 perspicuitatem,
1072 2374 1224 2436 animad-
1293 2428 1294 2453 2

208 2455 405 2518 vertendum
427 2461 477 2518 est
498 2458 582 2518 velle
605 2473 667 2517 scu
688 2461 847 2532 appetere
870 2472 944 2517 esse
975 2454 1018 2515 ad
1050 2454 1226 2532 quamdam
1293 2482 1294 2489 κ

210 2536 370 2597 unionem
393 2553 468 2597 cum
499 2537 609 2615 aliquo
640 2535 906 2597 constituendam
937 2535 1094 2607 tendere;
1133 2552 1226 2612 porro
1293 2534 1294 2609 ᾖ

210 2618 297 2678 uniri
319 2620 352 2678 et
380 2617 556 2678 convenire
589 2621 668 2676 sunt
700 2632 805 2676 unum
836 2615 973 2692 quidet
1001 2613 1103 2675 idem.
1129 2616 1228 2692 igitur
1293 2634 1294 2699 p

211 2696 363 2835 {oluntas
381 2707 453 2756 non
474 2697 536 2758 nisi
566 2698 601 2758 in
632 2696 755 2775 objecti
788 2695 928 2756 oottotte's
962 2697 1228 2757 convenientiam
1293 2752 1294 2779 p

226 2780 328 2836 ertur.

252 2874 348 2934 Prob.
372 2875 408 2934 ll.
426 2872 593 2952 Quidquid
609 2873 679 2934 vult
696 2873 859 2942 voluntas,
885 2874 939 2934 vel
958 2872 1040 2933 illud
1060 2873 1131 2934 vult
1160 2877 1227 2933 tan·

215 2969 315 3031 quam
337 2953 494 3026 medium,
516 2955 570 3015 vel
601 2957 757 3031 tanquam
790 2951 908 3026 finem;
940 2953 1030 3030 atqui
1053 2955 1084 3012 l⁰
1105 2952 1134 3012 si
1155 2956 1228 3012 tan·
1293 2946 1295 3027 l

215 3049 314 3110 quam
336 3033 494 3104 medium,
520 3035 709 3094 necessario
734 3033 834 3092 debet
855 3032 938 3092 velte
959 3032 1041 3092 illud
1063 3039 1230 3109 quatenus
1293 3030 1295 3175 h

214 3112 406 3174 conducens
429 3114 471 3175 ad
491 3111 565 3175 linis
588 3112 852 3190 acquisitionem,
870 3118 904 3173 et
918 3112 1038 3174 exinde
1052 3117 1090 3172 ut
1102 3112 1231 3172 bonum

213 3193 293 3253 utile
329 3191 428 3271 (318);
466 3195 497 3254 2⁰
528 3194 555 3253 si
586 3199 741 3269 tanquam
766 3191 879 3265 linem,
913 3198 990 3252 tuno
1021 3190 1122 3254 debet
1148 3191 1232 3252 illud
1293 3180 1295 3240 ἶ

213 3273 372 3335 voluntati
393 3289 430 3334 se
453 3274 572 3334 offerre
595 3273 657 3333 sut>
683 3273 810 3332 ratione
834 3286 909 3348 quae
931 3269 1125 3333 facultatem
1144 3272 1233 3332 hanc

213 3353 475 3415 intentionaliter
497 3369 630 3413 movere
645 3353 754 3413 valeat
774 3351 813 3412 ad
834 3351 1022 3413 volitionem
1045 3372 1053 3413 :
1077 3351 1138 3412 sed
1158 3351 1234 3412 haec

213 3434 297 3494 ratio
321 3438 372 3493 est
391 3433 523 3493 bonitas
557 3432 640 3492 finis
657 3435 743 3508 Ergo
776 3430 937 3508 quidquid
967 3432 1037 3494 vult
1067 3431 1233 3503 voluntas,

213 3512 297 3573 illud
316 3514 386 3575 vult
408 3514 571 3589 quatenus
593 3512 655 3586 ipsi
683 3511 745 3571 sub
777 3512 904 3571 ratione
924 3511 1002 3571 boni
1023 3513 1233 3590 proponitur.

249 3683 283 3746 (t)
300 3681 478 3746 Philosophiae
496 3693 591 3731 cursus
604 3682 717 3744 ἐπίομεν,
735 3683 901 3732 mactatusde
914 3685 1027 3744 Anima,
1042 3682 1107 3750 disp.
1125 3684 1150 3733 ’1.
