2642 4209
260 275 460 321 mirarum
480 275 640 320 serenus.
655 292 694 306 -
708 276 815 321 rnrot.
838 277 906 319 ser.
1030 258 1089 319 att

111 390 188 454 396.
220 423 260 433 -
292 391 402 453 Scltol.
426 393 450 453 l.
473 391 658 453 Discrimen
687 391 774 452 inter
804 391 931 453 honum
957 390 1090 453 absolu·

72 475 148 531 tum
167 474 202 531 ει
220 470 347 532 bonum
366 472 600 549 participatum
619 470 741 532 eodem
762 469 879 533 recidit
898 488 939 532 ac
958 470 1091 533 diversi·

71 554 125 611 tas
146 552 235 612 inter
255 568 321 612 cssc
340 552 530 613 absolutum
550 556 585 613 et
605 566 681 613 esse
700 552 944 629 participatum.

112 631 187 693 397.
210 664 249 675 —
270 630 379 692 Sclol.
403 633 440 693 ll.
462 632 595 693 Bonitas
616 631 725 692 divina
746 634 798 694 est
819 647 921 692 causa
943 635 1012 692 tum
1032 646 1090 693 cx-

73 711 243 787 emplaris,
267 714 337 771 tum
355 710 473 784 finalis,
495 716 567 773 tum
587 709 747 784 efficiens,
770 714 878 772 omnis
898 710 978 772 honi
999 726 1091 773 crea-

75 790 115 864 ti;
140 806 210 851 non
231 790 366 869 quidem
388 807 488 854 causa
507 790 667 865 formalis
690 792 767 870 quia
788 796 942 852 creature
968 790 1094 852 habent

73 870 239 931 internam
252 871 436 933 bonitatem
449 872 511 933 sibi
523 874 702 951 propriam,
717 872 795 933 licet
816 888 836 932 a
855 873 925 933 Deo
941 870 1091 932 effusam.

74 1003 148 1066 398.
171 1037 211 1047 -
232 1005 340 1065 Tarsis
360 1006 398 1066 ll.
421 1010 457 1067 ln
473 1010 540 1067 Deo
559 1010 658 1069 ctiam
676 1009 721 1065 εει
738 1002 868 1065 illibata
888 1004 1010 1065 bouitas
1022 1019 1091 1065 mo-

116 1082 211 1157 ralis,
226 1100 288 1145 seu
300 1086 461 1147 sorditas.

118 1216 215 1278 Prob.
241 1242 257 1272 ι
277 1218 405 1295 Aliquid
424 1223 537 1295 potest
568 1214 632 1280 dici
663 1223 815 1279 sanctum
840 1218 1040 1295 tripliciter:
1065 1219 1095 1279 1⁰

75 1299 207 1357 ratione
227 1297 409 1373 munditiae3
431 1300 511 1378 ἅγιος
532 1302 620 1360 enim
639 1298 730 1360 idem
752 1306 802 1361 est
831 1314 869 1357 ac
901 1298 972 1359 sine
995 1302 1093 1369 terra,

75 1374 170 1437 unde
193 1378 410 1439 communiter
428 1379 586 1440 sanctitas
607 1377 726 1440 dicitur
746 1380 787 1439 ab
808 1380 899 1439 omni
917 1378 990 1437 labe
1017 1379 1095 1439 intc-

75 1460 207 1517 merala
223 1461 371 1533 puritas,
402 1460 436 1518 2⁰
466 1459 627 1535 accipitur
655 1475 716 1535 pro
748 1458 855 1519 stabili
884 1456 1036 1519 firmitate
1061 1457 1095 1517 in

76 1536 187 1609 bono;
225 1535 345 1598 dicitur
374 1539 462 1598 enim
491 1543 653 1610 sanctum,
685 1540 780 1615 quasi
808 1538 898 1617 lege·
916 1539 1093 1609 sancitum;

77 1618 111 1677 3⁰
133 1616 272 1697 sumitur
301 1634 360 1695 pro
391 1634 521 1678 summa
550 1618 782 1697 conjunctione
814 1622 848 1677 et
875 1618 1095 1694 applicatione

77 1694 121 1755 ad
142 1711 198 1756 res
219 1694 355 1757 divinas.
377 1697 476 1775 Atqui
495 1698 568 1758 haec
590 1696 700 1759 omnia
719 1699 839 1758 eximie
859 1697 893 1756 in
917 1700 985 1756 lieo
1000 1711 1096 1773 repe-

77 1775 209 1836 riuntur
231 1795 239 1835 :
264 1780 314 1837 est
335 1779 419 1837 enim
444 1780 474 1837 1⁰
493 1777 686 1855 purissimus
708 1781 800 1837 actus
821 1776 1042 1837 immaterialis
1064 1780 1098 1837 et

78 1854 213 1931 spiritus
233 1855 483 1929 mundissimus;
506 1858 539 1917 2⁰
560 1863 610 1917 est
629 1856 833 1917 firmissimus
856 1862 889 1917 et
908 1854 1097 1917 immutabi-

77 1937 120 1996 lis
140 1936 175 1995 in
196 1951 309 1997 amore
329 1938 477 2007 honi....;
499 1938 532 1998 3⁰
553 1940 604 1997 est
623 1937 686 1999 sibi
708 1936 1005 2015 conjunctissimus,
1022 1951 1098 1997 cum

79 2016 122 2075 sit
143 2030 204 2075 sua
228 2017 345 2094 regula
374 2014 649 2093 indefectibiliter
669 2033 812 2093 operans
843 2018 877 2075 in
907 2015 1024 2076 ordine
1054 2014 1098 2076 ad

79 2110 176 2155 suam
197 2096 335 2173 gloriam
358 2119 371 2147 »
396 2096 450 2175 (l).
471 2098 570 2175 Ergo.

120 2174 192 2236 399.
216 2209 254 2218 —
276 2176 385 2236 Schol.
409 2177 432 2236 l.
456 2176 617 2237 Sanctitas
637 2175 673 2236 in
695 2174 853 2236 creaturis
875 2179 926 2235 est
951 2177 1098 2252 eloquiive

81 2255 271 2316 immunitas
292 2256 334 2317 ab
356 2255 600 2319 inordinatione
631 2272 651 2315 a
680 2256 757 2333 lege
789 2261 926 2326 aeterna3
950 2256 1096 2331 positive,

83 2331 298 2395 conformatio
332 2342 464 2395 actuum
497 2341 531 2397 et
558 2335 730 2397 habituum
761 2334 804 2395 ad
834 2336 939 2411 ipsam
968 2350 1099 2396 morum

81 2413 245 2491 regulam,
279 2428 354 2491 quae
387 2412 601 2476 conformatio
631 2415 746 2475 ultimo
777 2414 945 2491 perficitur
985 2429 1098 2477 amore

80 2494 143 2555 Dei
164 2497 199 2553 et
219 2495 453 2573 conjunctione
475 2512 549 2555 cum
570 2496 651 2565 Deo,
674 2494 788 2557 ultimo
809 2494 875 2556 fine
894 2513 901 2553 :
925 2496 980 2555 lex
999 2496 1100 2573 igitur

82 2576 206 2634 amoris
227 2580 278 2634 est
297 2577 477 2635 maximum
498 2574 703 2635 mandatum.

122 2653 195 2713 400.
221 2685 257 2696 -
278 2654 387 2715 Schol.
411 2655 447 2714 ll.
471 2652 735 2715 Fundamentum
765 2654 871 2714 omnis
902 2652 1036 2728 ordinis,
1060 2669 1098 2713 ac

81 2732 225 2808 proinde
245 2733 370 2794 ordinis
390 2734 534 2809 moralis,
558 2737 611 2794 est
629 2734 702 2810 ipsa
724 2735 866 2795 essentia
894 2733 1012 2795 divina.
1036 2732 1096 2794 Or·

83 2812 127 2873 do
152 2814 240 2874 enim
260 2813 392 2873 moralis
413 2816 479 2873 stat
497 2814 541 2874 in
567 2812 767 2875 rectitudine
789 2814 1015 2891 operationum
1038 2829 1098 2874 en-

81 2894 166 2953 tium
186 2892 366 2955 liberorum
386 2893 518 2954 intuitui
537 2891 622 2965 finis,
637 2894 801 2971 praecipue
823 2894 927 2955 ultimi
948 2894 998 2969 (ll,
1015 2892 1097 2972 393).

364 3034 406 3087 De
419 3000 638 3087 attributis-Dei
652 3030 824 3101 operativis.

451 3153 472 3203 1.
487 3154 526 3204 oe
539 3152 670 3202 intellectu
683 3153 727 3215 (a).

122 3291 195 3353 401.
220 3323 258 3335 ·-
280 3291 468 3370 lntellectus
495 3289 600 3352 active
632 3292 666 3350 et
695 3281 862 3366 operalive
884 3293 1035 3366 sumptus
1056 3291 1098 3352 si-

82 3368 219 3447 gnificat
239 3370 324 3432 hanc
339 3372 522 3449 potentiam
541 3368 684 3431 vitaliter
705 3368 877 3431 elicitivam
899 3371 1033 3432 actualis
1049 3370 1100 3432 in-

114 3519 149 3582 (1)
163 3513 292 3578 contens„
306 3519 327 3568 I.
343 3518 367 3580 1,
378 3520 405 3568 d.
420 3517 445 3580 3,
458 3534 482 3569 c.
497 3532 526 3579 11,
540 3533 567 3581 q.
581 3516 607 3566 2.

113 3607 149 3672 (2)
165 3607 303 3671 Sequentes
317 3605 501 3670 disputationes
513 3603 664 3655 descientia
685 3603 732 3654 Dei
745 3604 907 3669 praetermitti
937 3612 1033 3673 essunt,
1043 3625 1102 3660 cum

82 3668 240 3733 questiones
252 3669 305 3718 illae
318 3668 421 3717 subtiels
434 3666 601 3733 opportunius
613 3666 791 3731 expenduntur
804 3668 831 3716 in
844 3622 990 3735 Tueossgia.

426 3747 508 3795 Bunv.
522 3745 598 3793 Pure.
613 3744 645 3792 T.
658 3743 690 3793 11.
704 3770 736 3782 -
748 3743 777 3795 16
