2642 4209
243 251 301 321 132
553 279 733 322 nauvmnruu
753 276 954 321 puruosormn

242 392 343 464 ctum,
358 393 473 467 utpote
495 392 701 467 particularia
722 408 782 452 seu
803 393 949 454 limitata.
983 392 1068 470 Ergo
1094 392 1146 452 iila
1164 409 1233 454 sem·

242 489 303 554 per
324 489 360 533 se
382 473 540 532 voluntati
560 472 708 547 prebent
727 475 761 532 in
784 471 936 534 conflictu
958 489 1032 532 cum
1056 471 1124 532 aliis
1143 473 1233 548 bonis

242 569 281 614 ac
303 550 443 629 proinde
463 552 625 623 voluntas
650 551 729 612 dum
749 553 835 613 inter
855 552 928 612 haec
948 552 1036 613 hona
1058 552 1156 630 eligit,
1169 567 1235 614 nun·

243 633 343 712 ‘quam
364 633 553 692 necessario
577 630 815 692 determinatur
836 631 879 692 ad
899 648 1004 693 unum
1018 632 1234 707 appetendum.

214 777 216 782 ,
281 713 377 773 Prot.
402 712 450 772 lll.
474 711 630 774 Voluntas
650 712 773 773 bonum
795 713 920 788 appetit
940 719 1037 789 prout
1058 713 1119 788 ipsi
1139 712 1176 772 ah
1195 716 1234 773 in-

240 791 376 853 tellectu
402 793 612 867 proponitur;
643 794 732 868 atqui
758 793 943 854 intellectus
969 793 1122 868 proponit
1145 793 1236 856 media

240 871 309 934 'non
330 873 516 933 necessaria
538 871 579 932 ad
599 869 787 932 felicitatem
809 871 1082 948 consequendam
1098 879 1236 950 tanquam

240 951 472 1013 indifferentia.
488 952 572 1025 Ergo
587 952 737 1012 voluntas
759 948 953 1012 indifferens
973 956 1125 1012 remanet
1143 954 1236 1029 quoad

165 1097 170 1108 ,
241 1032 308 1094 haec
330 1033 417 1092 hona
440 1031 605 1110 eligenda,
629 1047 691 1092 seu
712 1035 763 1092 est
783 1032 899 1092 libera.

647 1259 774 1322 CAPUT
795 1260 844 1320 ΙΙΙ.

238 1411 277 1454 ΗΕ
290 1412 378 1456 ardua
388 1411 505 1454 nunaut
515 1376 615 1462 QUOAD
631 1411 811 1456 uxnncinuu
824 1384 889 1454 SliAE
898 1408 1080 1454 acrivrnt'ris
1094 1408 1235 1465 seueram,

278 1489 333 1535 SEU
355 1493 393 1534 DE
416 1491 540 1534 VlRTUTE
561 1492 667 1535 Acrlvn
687 1493 784 1535 atutlAE
806 1493 835 1535 nt
855 1492 931 1535 ACTU
952 1490 1100 1534 SECUNDO.

277 1597 347 1658 218.
370 1631 408 1640 -
437 1599 614 1674 Hucusque
646 1595 786 1658 animam
817 1597 996 1658 humanam
1029 1594 1234 1657 consideravi-

238 1693 325 1749 muS‚
358 1676 426 1739 sive
458 1678 569 1756 quoad
600 1678 827 1748 substantiam,
861 1679 930 1739 sive
961 1674 1072 1753 quoad
1101 1680 1236 1736 virtutem

236 1757 375 1817 activam
408 1775 472 1835 qua
502 1755 629 1829 fruitur,
668 1758 761 1837 cujus
791 1760 1008 1818 instrumenta
1045 1763 1123 1816 sunt
1152 1757 1234 1816 varia

235 1836 397 1913 potentiae.
423 1839 639 1913 Quaesivimus
661 1854 740 1915 ergo
764 1836 844 1914 quid
865 1840 906 1898 sit
926 1838 1107 1898 substantia
1123 1839 1233 1908 anime,

238 1931 392 1992 quaenam
413 1923 477 1979 sint
497 1917 667 1978 facultates
689 1916 809 1994 quibus
829 1917 898 1978 hac
925 1918 1106 1978 substantia
1138 1923 1186 1977 est
1210 1924 1235 1977 et

235 1995 354 2056 dicitur
374 1999 476 2059 virtus
508 1999 620 2058 activa.
643 1999 735 2058 Nunc
766 2002 888 2069 autem,
907 1995 979 2074 jam
1000 1999 1181 2073 perspectis
1209 2003 1235 2056 et

235 2075 460 2139 determinatis
496 2078 685 2156 singillatim
720 2076 872 2137 omnibus
906 2078 1006 2136 animi
1038 2072 1234 2138 facultatibus

234 2170 415 2235 earumque
437 2158 587 2237 objectis,
611 2156 655 2217 ad
677 2159 868 2217 exercitium
889 2157 1003 2216 harum
1024 2159 1234 2232 potentiarum

233 2235 349 2298 sedulo
372 2238 558 2298 rimandum
580 2238 804 2316 aggredimur.
829 2239 929 2315 lgitur
950 2239 1158 2313 operationes
1171 2253 1233 2313 pro-

231 2317 319 2392 prias
352 2313 542 2378 facultatum
574 2316 858 2379 considerabimus
891 2315 1003 2392 quoad
1032 2320 1181 2377 naturam
1207 2322 1235 2375 et

231 2407 397 2474 genesim:

269 2478 341 2538 Jam
362 2493 439 2538 vero
461 2478 532 2537 istae
555 2478 761 2552 operationes
782 2474 825 2536 ad
846 2481 912 2536 tres
932 2477 1080 2535 revocari
1094 2481 1232 2551 possunt,

229 2558 383 2617 nimirum
407 2560 436 2618 l⁰
457 2557 499 2618 ad
522 2558 757 2627 sarmationem,
778 2557 810 2615 2⁰
832 2554 875 2615 ad
896 2553 1163 2627 intellectionem‚
1184 2552 1234 2613 de·

229 2636 330 2712 nique
362 2637 394 2697 3⁰
426 2633 469 2696 ad
501 2635 748 2712 appetitionem.
780 2635 862 2695 ilinc
896 2637 930 2694 in
962 2635 1066 2696 tribus
1101 2634 1233 2695 articulis

228 2723 429 2790 praesentem
451 2714 706 2792 disputationem
728 2715 945 2775 absolvemus.

268 2795 315 2856 De
336 2796 436 2874 hujus
458 2802 490 2856 et
511 2797 648 2856 aliarum
671 2794 928 2873 disputationum
950 2796 1142 2856 extensione
1166 2808 1233 2853 mo-

227 2874 388 2935 ferialiter
409 2875 532 2952 aequali
563 2876 617 2936 vel
637 2877 792 2950 inaqooti
810 2889 928 2950 parurn
949 2874 1078 2936 solliciti
1108 2889 1230 2946 sumus;
1286 2904 1288 2921 ι

225 2956 435 3030 partitionem
456 2956 599 3033 logicam
620 2955 718 3015 unice
740 2954 953 3032 quaerimus·

601 3087 816 3151 ARTICULUS
838 3088 862 3150 Ι.

393 3217 440 3275 Dc
459 3221 581 3275 notura
603 3219 631 3275 ci
651 3215 760 3290 pertesi
777 3211 1026 3292 causationum(
1048 3210 1071 3291 ).

263 3327 334 3390 219.
358 3328 517 3388 —Actus
539 3325 702 3388 facultatis
723 3325 896 3400 sentiendi,
921 3325 978 3404 qui
997 3328 1140 3388 sensatio
1160 3325 1232 3387 dici-

224 3413 288 3481 tur,
312 3423 354 3468 ex
376 3405 499 3483 duplici
519 3409 678 3483 principio
711 3405 883 3468 evidenter
902 3405 1063 3484 procedit,
1085 3409 1251 3469 nimirum.

226 3489 257 3546 1ο
276 3486 462 3562 subjective,
487 3485 576 3561 quod
597 3490 725 3546 remote
753 3491 802 3545 est
830 3501 891 3546 ens
917 3484 1007 3562 quod
1027 3488 1136 3559 sentit,
1157 3503 1228 3564 pro·
1286 3518 1288 3523 ·

255 3607 293 3669 (a)
306 3605 368 3656 Vid.
382 3605 415 3654 D.
429 3604 520 3652 Thom.
535 3619 559 3668 p.
574 3606 595 3661 1,
609 3620 652 3668 qu.
671 3605 711 3666 78,
729 3610 779 3654 art.
797 3605 822 3655 3.
841 3634 873 3645 -
892 3622 933 3670 qq.
955 3606 1050 3670 disput.
1067 3608 1101 3656 de
1118 3607 1230 3659 Vanae
1286 3609 1288 3655 t

225 3681 266 3729 qu.
281 3665 322 3727 26,
336 3667 369 3714 de
382 3665 565 3722 Passionem,
580 3671 631 3714 art.
645 3666 669 3714 3.
682 3693 714 3705 -
728 3667 751 3728 1,
765 3667 825 3716 dist.
839 3667 879 3728 40,
894 3683 937 3732 qu.
950 3672 974 3729 1,
988 3672 1039 3717 art.
1055 3667 1082 3720 1,
