2642 4209
270 241 642 294 mrsrursmrsrronus,
658 260 698 269 -
712 242 817 303 rnron
841 204 908 287 mr.
1041 222 1100 313 lib

106 357 217 419 Prob.
243 358 360 417 mmor.
390 360 418 418 l⁰
440 358 530 418 Deus
550 360 601 419 est
620 374 675 417 ens
693 374 714 417 o
733 374 766 418 se
784 377 794 417 :
814 372 910 433 porro
932 370 990 417 ens
1015 373 1033 417 a
1059 374 1096 419 se

59 432 210 500 limitari
233 431 350 515 nequit
376 455 383 496 :
409 437 530 498 limites
555 438 644 496 enim
670 453 736 497 non
762 441 870 513 potest
894 436 935 497 ab
961 444 1096 498 externa

58 512 188 593 aliqua
217 533 317 577 causa
344 518 504 592 recipere.
536 521 572 577 ut
600 533 641 577 ex
671 516 766 576 dictis
800 522 944 589 constat;
981 518 1096 596 nequit

60 594 177 656 etiam
200 597 331 658 sibimet
349 598 468 657 limites
490 598 662 672 imponere
691 616 697 656 :
726 612 801 657 cum
829 597 916 657 enim
940 613 1096 659 essenon

59 673 131 737 sibi
149 677 275 737 tribuat
290 682 326 736 ut
340 692 451 750 causa,
467 677 638 738 evidenter
651 690 719 735 non
732 674 810 737 facit
829 681 866 736 ut
883 677 942 737 ltoc
962 677 1016 737 vel
1035 677 1094 737 illo

60 758 172 817 modo
190 757 242 817 sit.
259 758 355 835 firgo.

105 836 144 895 2⁰
176 837 266 897 Deus
295 840 345 898 est
372 836 516 895 ociorem
542 851 656 895 rerum
683 851 784 895 causo
812 850 852 894 oc
877 837 1094 912 principium

62 918 167 992 atqui
190 932 289 977 causa
310 916 517 976 eminentiori
534 914 633 975 modo
660 915 828 975 continere
855 912 956 975 debet
978 933 1092 977 omnes

61 992 299 1069 perfectiones
324 995 502 1056 effectuum
526 994 582 1071 qul
597 994 637 1056 ab
657 994 727 1070 ipsa
744 992 928 1071 procedunt
941 996 994 1056 vel
1013 1013 1089 1073 pro-

63 1075 198 1136 cedere
211 1082 358 1152 possunt.
372 1076 455 1153 Ergo
468 1090 543 1133 cum
557 1075 646 1134 Deus
661 1077 703 1137 sit
715 1073 800 1143 fone,
817 1088 884 1135 non
899 1075 997 1137 modo
1009 1078 1090 1137 exis·

62 1156 229 1223 teulfum,
259 1155 319 1216 sed
348 1155 448 1215 etiam
471 1154 676 1231 possibilium
700 1156 776 1228 t‘t95,
793 1152 876 1231 299),
895 1154 999 1233 liquet
1015 1172 1092 1217 eum

63 1236 247 1295 continere
276 1250 392 1296 omnes
425 1232 645 1310 perfectiones
681 1234 867 1310 possibiles,
905 1251 976 1309 seu,
1022 1237 1091 1299 aliis

62 1315 196 1386 verbis,
215 1331 291 1375 eum
307 1331 381 1375 esse
396 1315 543 1374 omnium
559 1315 684 1374 entium
698 1314 902 1391 possibilium
922 1313 1090 1391 perfectis-

62 1394 204 1455 simum.
228 1396 342 1471 ltaque
358 1397 409 1454 est
423 1394 588 1470 perfectus
603 1395 674 1454 sine
689 1392 803 1466 limite,
820 1410 880 1454 seu
894 1392 1047 1455 infinitus

106 1475 182 1535 345.
200 1509 239 1518 -
255 1478 329 1535 Cor.
347 1475 424 1533 Hinc
439 1474 589 1551 sequitur
603 1476 710 1534 Deum
725 1490 842 1533 omnes
867 1474 1089 1550 perfectiones

65 1556 256 1623 continere,
273 1554 333 1614 sed
353 1552 451 1614 modo
476 1552 604 1615 diverso
626 1571 686 1630 pro
706 1553 894 1614 diversitate
915 1552 1088 1630 perfectio-

63 1646 163 1695 num.
184 1632 408 1694 Perfectiones
428 1634 516 1693 enim
537 1634 708 1708 simplices,
728 1633 920 1712 cujusmodi
943 1641 1030 1705 sunt,
1056 1652 1087 1697 v.

63 1728 116 1790 g.,
148 1715 224 1782 vita,
254 1712 399 1787 libertas,
430 1720 506 1785 etc„
533 1716 567 1775 in
596 1715 664 1776 Deo
701 1713 887 1773 secundum
920 1718 1088 1791 propriam

62 1792 235 1853 rationem
250 1810 310 1854 seu
328 1793 516 1867 formaliter
534 1795 756 1854 continentur.
783 1794 853 1853 Non
876 1799 952 1854 sunt
976 1799 1088 1856 tamen

61 1872 99 1933 in
114 1874 189 1934 Deo
203 1872 388 1935 secundum
403 1888 476 1933 eam
491 1872 652 1933 rationem
669 1889 769 1951 quam
784 1876 816 1934 in
841 1873 941 1935 rebus
967 1878 1086 1937 creatis

63 1953 205 2025 babent,
222 1953 283 2015 sed
298 1956 401 2013 mutto
418 1951 608 2027 perfectius
625 1952 658 2012 id
675 1957 725 2013 est
739 1953 925 2013 secundum
952 1955 1084 2015 absolu·

64 2033 621 2104 tamsuirationen1.Mioetaevero,
641 2049 673 2093 v.
700 2049 748 2109 g.,
775 2034 936 2105 extensio,
963 2038 1084 2109 motus

65 2116 148 2185 etc„
166 2130 238 2191 que
253 2129 328 2175 cum
344 2108 527 2172 defectibus
541 2116 619 2172 sunt
639 2113 820 2191 conjunctae
844 2118 942 2190 atque
968 2130 985 2173 a
1010 2117 1085 2177 sub-

58 2191 168 2269 jecto,
187 2194 239 2253 cui
254 2194 375 2260 insunt,
396 2193 575 2254 nobiliores
593 2190 815 2268 perfectiones
842 2194 1025 2270 expellunt,
1051 2196 1085 2255 in

63 2273 137 2333 Deo
161 2277 240 2333 sunt
263 2274 437 2332 eminenter
460 2276 493 2332 et
508 2272 701 2343 virtualiter,
719 2288 840 2348 nempe
855 2287 920 2333 non
937 2274 1083 2350 proprie,

62 2351 127 2415 sed
138 2351 324 2414 secundum
337 2354 590 2428 prestantiorem
600 2354 762 2413 rationem
773 2368 833 2411 seu
842 2352 936 2430 juxta
949 2353 1085 2425 modum

63 2432 124 2510 qui
136 2433 262 2492 nullam
277 2432 444 2491 contineat
457 2428 752 2507 imperfectionem,
774 2447 836 2491 nec
861 2430 1084 2508 perfectiones

63 2512 245 2572 nobiliores
260 2510 425 2572 excludat.
442 2511 474 2571 Si
490 2511 576 2570 enim
591 2508 811 2586 perfectiones
831 2512 995 2587 simp'ices
1016 2528 1083 2574 non

65 2598 181 2652 essent
202 2593 235 2652 in
259 2593 328 2651 Deo
352 2589 543 2656 formaliter,
560 2589 621 2650 sed
636 2592 742 2650 solum
758 2592 941 2652 eminenter
955 2594 1009 2653 vel
1022 2595 1081 2654 vir-

65 2672 209 2731 tualiter.
227 2675 425 2749 sequeretur
440 2669 530 2747 quod
545 2671 634 2731 Deus
644 2676 740 2731 esset
757 2672 936 2733 virtualiter
955 2677 1081 2733 tantum

65 2749 243 2827 perfectus,
275 2767 341 2811 non
369 2759 481 2811 autem
509 2751 659 2810 absolute
689 2760 722 2811 et
750 2751 962 2827 simpliciter:
991 2753 1081 2831 quod

64 2835 194 2909 pugnat
209 2837 320 2893 contra
338 2831 466 2892 thesim.
488 2832 646 2899 Vicissim,
675 2832 701 2890 si
725 2830 948 2907 perfectiones
973 2836 1081 2895 mixte

65 2909 107 2971 de
122 2912 193 2971 Deo
207 2909 386 2971 formaliter
399 2909 664 2987 praedicarentur,
682 2915 879 2986 sequeretur
893 2913 999 2973 Deum
1014 2929 1081 2973 non

64 3006 139 3053 esse
153 2989 277 3052 infinite
293 2988 486 3066 perfectum,
502 2990 563 3051 sed
578 2990 766 3050 secundum
781 2990 873 3067 quid.

482 3152 524 3205 De
537 3149 663 3205 unitate.
746 3167 753 3217 ‚¹

104 3320 174 3383 346.
191 3355 229 3364 -
244 3318 326 3380 Cum
340 3324 450 3382 autem
465 3322 498 3380 in
512 3320 665 3396 presenti
681 3318 787 3396 capite
803 3334 985 3397 queramus
1000 3319 1080 3397 quid

68 3400 108 3470 sit
124 3402 223 3468 Deus,
247 3416 348 3479 agere
364 3405 494 3477 oportet
509 3400 551 3461 de
568 3400 640 3479 ejus
655 3402 779 3461 unitate
794 3405 827 3459 et
841 3401 1045 3475 simplicitate
1069 3420 1081 3459 .·

69 3484 134 3543 iste
160 3482 250 3541 enim
273 3477 493 3557 perfectiones
516 3496 591 3541 sese
605 3480 702 3541 nobis
718 3480 873 3541 exhibent
886 3486 922 3540 ut
936 3486 1079 3541 nostram

70 3561 290 3637 cognitionem
305 3558 346 3620 de
368 3576 442 3621 esse
462 3560 521 3622 Dei
540 3560 718 3638 plurimum
742 3561 952 3633 illustrantes,
979 3566 1078 3635 atque

69 3640 128 3704 Dei
151 3640 404 3714 constitutivum,
425 3655 486 3702 seu
504 3642 694 3714 essentiam,
720 3642 944 3715 maximopere
970 3636 1079 3723 deter-
