2642 4209
548 302 940 346 Msrxpnvsim
986 299 1298 345 sanemus,
1338 316 1412 325 -
1442 297 1872 343 psvcnomorx.
2151 282 2231 342 85

184 419 402 477 tatem
444 433 770 478 summam
812 416 940 495 prae
984 434 1057 478 se
1098 416 1344 477 ferens,
1391 417 1560 493 Ergo
1609 418 1930 477 creaturis
1963 431 2225 493 compe-

187 500 335 558 tere
383 498 636 573 nequit.

267 580 558 647 Quartus
609 593 815 637 error.
886 578 1078 637 Juxta
1132 574 1558 645 Rosminium‚
1626 577 1843 635 anima
1906 572 2207 646 filiorum,

182 661 392 732 prout
453 657 761 717 sensitiva
826 661 947 729 est,
1015 673 1048 716 a
1116 655 1501 730 parentibus
1555 670 1675 730 per
1716 657 2226 733 generationem

182 738 700 812 produceretur,
737 741 802 796 et
845 742 1077 815 postea
1115 735 1308 795 fieret
1349 734 1748 795 intellectiva
1792 752 1912 812 per
1954 734 2225 811 appari-

182 817 445 878 tionem
488 816 652 877 ideae
696 818 886 885 entis,
937 833 1136 892 quam
1179 817 1357 875 Deus
1399 814 1485 873 illi
1530 814 2004 877 manifestaret.

272 896 691 971 Confutatzcr.
754 898 812 955 l⁰
854 898 1066 959 Unum
1110 900 1211 955 est
1263 910 1415 954 esse
1461 894 1687 955 animae
1729 896 2050 963 humanae,
2098 908 2227 970 qua

177 975 387 1038 simul
429 978 741 1037 sensitiva
787 981 886 1037 est
929 982 993 1036 et
1033 975 1399 1044 rationalis3
1471 990 1629 1052 ergo
1672 976 1907 1051 nequit
1949 973 2227 1050 produci

182 1061 262 1117 ut
322 1057 641 1119 sensitiva
703 1055 859 1134 quin
923 1056 1006 1116 sit
1067 1057 1266 1114 etiam
1331 1054 1686 1115 ratIOnaliS.
1751 1057 1815 1116 2⁰
1877 1057 2231 1131 Repugnat

181 1138 481 1197 animam
525 1138 907 1198 sensitivam
975 1135 1323 1196 transmitti
1370 1150 1406 1193 a
1467 1134 1874 1209 parentibus,
1941 1139 2015 1194 ut
2055 1131 2227 1193 infra

181 1217 586 1279 ostendetur
653 1218 714 1277 3⁰
744 1215 1154 1291 Impossibile
1201 1218 1302 1274 est
1331 1213 1618 1273 animam
1661 1216 2045 1276 sensitivam
2082 1210 2225 1273 fieri

178 1296 706 1358 intellectualem
750 1312 869 1373 per
929 1296 1090 1355 ideae
1137 1295 1305 1354 entis
1369 1293 1995 1365 manifestationem,
2064 1295 2218 1369 quia

179 1391 376 1437 secus
421 1379 640 1437 anima
674 1376 1009 1436 rationalis
1051 1391 1186 1435 non
1233 1373 1529 1434 differret
1571 1374 1695 1433 nisi
1727 1373 2225 1435 accidentaliter

183 1455 269 1516 ab
321 1460 544 1518 anima
590 1456 926 1518 sensitiva.
1740 1466 1747 1471 ·

183 1579 326 1639 132.
401 1613 478 1621 —
543 1580 778 1639 Tussis.
823 1580 983 1636 Vera
1042 1577 1354 1635 sententia
1411 1574 1588 1634 circa
1645 1579 1873 1635 anima
1928 1576 2222 1635 humanae

267 1661 588 1735 orz'qz'nem
617 1675 696 1717 ea
725 1659 812 1716 est
852 1672 992 1731 quae
1021 1658 1199 1715 docet
1232 1656 1523 1714 animam
1554 1669 1595 1714 a
1622 1655 1759 1715 solo
1805 1660 1937 1716 Deo
1978 1656 2217 1715 creari.

265 1775 450 1833 Nota.
505 1771 576 1832 ld
623 1772 802 1831 enim
861 1769 1226 1829 innumeris
1289 1766 1776 1843 Scripturarum
1831 1768 2220 1829 testimoniis

179 1852 368 1913 haud
412 1852 692 1912 obscure
738 1849 1142 1925 exprimitur,
1192 1862 1454 1907 necnon
1518 1847 2007 1910 definitionibus
2064 1846 2224 1909 fidei

178 1934 496 1993 sancitur.
560 1930 692 1992 Sed
754 1933 1007 1991 ratione
1075 1929 1274 1988 etiarn
1338 1924 1604 1988 suaderi
1645 1926 1952 1989 facillime
1995 1931 2223 2005 potest

179 2011 325 2072 haec
357 2013 676 2074 doctrina.
1903 2056 1911 2064 .

266 2092 612 2152 Probatur.
659 2090 884 2150 Anima
921 2088 1214 2147 humana
1240 2087 1348 2146 vel
1392 2102 1474 2147 ex
1516 2087 1819 2163 subjecto
1852 2086 2217 2165 praejacen-

182 2176 250 2233 te
302 2172 628 2243 educitur,
675 2174 779 2231 vel
825 2186 904 2229 ex
946 2168 1148 2227 nihilo
1194 2183 1230 2226 a
1273 2167 1411 2227 Deo
1464 2183 1586 2243 per
1645 2184 1870 2228 veram
1936 2168 2215 2228 creatio-

178 2267 345 2312 nem
407 2251 729 2311 conditur.
794 2248 989 2327 Atqui
1053 2264 1132 2306 ex
1193 2247 1503 2323 subjecto
1567 2250 1959 2325 praejacente
2005 2249 2220 2308 anima

182 2332 518 2408 originem
563 2331 808 2391 ducere
851 2327 1104 2404 nequit.
1151 2328 1318 2404 Ergo
1367 2343 1404 2386 a
1447 2327 1586 2387 Deo
1618 2332 1896 2388 creatur.

264 2412 460 2471 Prob.
494 2412 725 2471 minor.
758 2411 1027 2470 Animus
1056 2408 1383 2466 humanus
1414 2412 1516 2465 est
1542 2407 1907 2467 substantia
1940 2406 2222 2482 simplex

186 2494 258 2551 et
301 2490 692 2567 spiritualis;
740 2505 934 2565 porro
981 2486 1346 2548 substantia
1389 2488 1671 2564 simplex
1712 2503 1840 2546 non
1892 2489 2107 2561 potest
2137 2502 2221 2545 ex

180 2571 658 2648 praeexistente
688 2570 984 2645 subjecto
1028 2565 1302 2641 produci
1346 2585 1359 2626 ε
1408 2566 1795 2644 subjectum
1839 2567 2014 2626 enim
2055 2565 2221 2626 illud

184 2667 274 2712 ex
317 2667 452 2728 quo
499 2649 945 2720 divelleretur,
995 2650 1177 2707 esset
1219 2647 1685 2722 compositum3
1732 2646 1913 2723 atqui
1958 2645 2219 2721 subjec-

181 2736 329 2791 tum
406 2732 844 2807 compositum
912 2743 1046 2788 non
1109 2729 1326 2800 potest
1392 2727 1620 2787 haberi
1681 2730 1755 2785 ut
1817 2726 2221 2803 principium

185 2810 574 2871 substantiae
615 2807 948 2885 simplicis,
996 2807 1155 2884 quin
1198 2806 1331 2866 haec
1376 2805 1745 2868 substantia
1792 2806 1873 2865 sit
1918 2804 2219 2884 ejusdem

184 2894 438 2950 naturae
503 2895 570 2949 et
629 2888 1018 2953 conditionis
1071 2902 1272 2964 quam
1349 2886 1511 2947 illud
1572 2885 1980 2963 subjectum.
2046 2887 2217 2963 Ergo

187 2972 410 3031 anima
458 2968 746 3030 humana
792 2984 873 3028 ex
916 2966 1382 3043 praeexistente
1424 2966 1726 3044 subjecto
1776 2963 2053 3039 produci
2095 2980 2217 3025 ne-

187 3052 354 3127 quit.
415 3047 576 3107 Hinc
639 3050 852 3110 anima
897 3063 980 3108 ex
1034 3045 1233 3106 nihilo
1297 3060 1335 3104 a
1378 3048 1515 3106 Deo
1578 3042 1997 3122 producitur3
2063 3060 2221 3106 nam

188 3128 437 3191 creatio
483 3126 605 3187 soli
646 3131 784 3190 Deo
831 3127 1168 3202 competit.

271 3208 584 3270 133.—11.
619 3212 712 3268 De
755 3213 1040 3283 tempore
1088 3206 1563 3279 efformatiom's
1605 3205 1984 3265 animarum
2012 3202 2223 3264 ,Circa

185 3288 463 3367 originis
480 3292 739 3364 tempus
778 3289 1000 3363 plures
1023 3282 1501 3346 etiamfuerunt
1531 3298 1818 3345 erroneae
1851 3283 2217 3344 sententiae.

271 3371 333 3428 1⁰
413 3364 791 3428 Academici
878 3365 1216 3426 docebant
1264 3366 1479 3425 Deum
1528 3367 1593 3425 in
1679 3365 1888 3441 prima
1962 3368 2223 3437 tempo·

185 3464 340 3509 rum
383 3447 642 3523 origine
728 3450 1000 3507 cunctas
1046 3443 1239 3504 simul
1288 3460 1551 3504 creasse
1636 3445 1912 3510 animas,
1965 3457 2217 3519 easque

182 3528 252 3590 in
297 3526 630 3589 sideribus
675 3526 1040 3588 collocasse
1083 3530 1157 3584 ut
1198 3520 1481 3583 infinitas
1520 3523 1726 3599 ipsius
1769 3520 2224 3597 perfectiones

182 3607 348 3669 inde
389 3606 644 3668 facilius
690 3607 1180 3682 conspicerent3
1225 3603 1347 3663 illae
1389 3619 1544 3663 vero
1588 3603 1657 3664 in
1700 3608 1940 3662 terram
1987 3602 2218 3663 oculos

186 3688 648 3769 conjicienteS,
695 3683 1219 3765 pulchritudines
1263 3686 1517 3743 creatas
1549 3680 1921 3743 dilexerunt
1967 3699 1981 3741 ε
2031 3680 2215 3757 quod
