2642 4209
556 289 949 333 METAPHYsmA
993 290 1304 334 senentis,
1342 305 1415 314 ——
1447 288 1873 334 PSYCHOLOGM.
2170 273 2247 333 87

190 405 452 465 chosim
494 422 618 466 seu
662 405 1030 467 doctrinam
1082 407 1166 466 de
1229 407 1602 466 animarum
1660 407 2245 485 transmigratione

188 500 280 543 ex
319 501 456 546 uno
512 503 792 562 corpore
836 488 904 546 in
948 486 1146 547 aliud.
1212 500 1364 546 esse
1407 484 1774 547 absurdum
1818 486 2239 564 figmentum.

191 563 450 630 Omnes
495 568 672 626 enim
716 566 1164 630 absurditates
1197 566 1473 625 aliarum
1498 567 1985 627 sententiarum
2031 568 2240 627 inclu-

190 644 292 704 dit
331 644 840 725 illud‘systema,
889 647 1127 723 quibus
1173 645 1361 706 addit
1405 647 1882 708 abhorrentem
1924 648 2103 707 illam
2149 646 2234 708 de

193 724 675 803 conjunctione
721 728 948 786 animae
979 731 1214 788 nostrae
1261 743 1413 786 cum
1446 743 1725 800 corpore
1756 728 2051 788 belluino
2086 726 2241 786 doc-

191 806 459 864 trinam.
507 807 777 866 Summa
818 805 1020 883 hujus
1065 806 1412 866 sententiae
1456 806 1795 868 insulsitas
1848 807 1906 867 ei
1951 806 2247 867 fortassis

197 885 482 945 contulit
549 891 622 946 ut
690 890 918 946 nostra
987 890 1177 947 aetate
1246 902 1285 945 a
1351 886 1754 962 quibusdam
1820 886 2247 947 rationalistis

192 970 658 1025 renovaretur.
1455 1002 1462 1008 s

203 1106 349 1165 134.
395 1139 472 1147 —
514 1110 674 1167 Vera
703 1108 1034 1165 sententia.
1068 1106 1286 1165 Tussis
1319 1106 1365 1165 L
1402 1106 1633 1166 Anima
1661 1107 1953 1169 humana
1986 1083 2249 1167 creatur

282 1202 429 1247 cum
467 1187 728 1261 corpo—rc·
754 1186 1204 1261 conjunqencla
1226 1188 1351 1267 est..

278 1317 475 1375 Nota.
507 1314 1001 1376 Praescindimus
1047 1314 1128 1374 ab
1160 1314 1345 1375 hisce
1393 1313 1653 1375 duabus
1687 1316 2031 1375 sententiis
2077 1330 2243 1390 qua—

195 1411 352 1455 rum
391 1412 526 1455 una
573 1395 766 1456 docet
809 1396 1098 1454 animam
1120 1411 1164 1454 ‘a
1207 1396 1346 1455 Deo
1382 1395 1589 1455 creari
1626 1400 1692 1455 et
1736 1396 1990 1469 corpori
2024 1394 2247 1455 infun-

201 1474 271 1534 di
314 1474 383 1533 in
429 1478 571 1551 ipso
614 1473 1066 1551 generationis
1094 1474 1303 1543 initio,
1355 1480 1419 1534 et
1463 1476 1669 1535 altera
1713 1476 2000 1535 animam
2045 1474 2251 1535 creari

201 1553 531 1615 duntaxat
575 1572 723 1615 cum
757 1570 994 1632 corpus
1030 1552 1249 1615 debito
1283 1556 1663 1631 organismo
1694 1554 2090 1615 instructum
2122 1557 2245 1627 est,

203 1635 559 1695 existimat.

282 1715 479 1774 Proh.
521 1716 576 1775 1⁰
619 1716 710 1775 Ex
761 1712 1053 1790 probatis
1100 1716 1356 1773 constat
1400 1714 1651 1773 animas
1695 1713 1876 1774 initio
1932 1711 2245 1788 temporis

201 1806 344 1853 non
383 1792 588 1854 fuisse
621 1798 899 1862 creatas;
938 1792 1117 1868 atqui
1145 1790 1520 1853 frustranea
1563 1809 1834 1869 prorsus
1881 1798 2061 1852 esset
2090 1808 2245 1868 pos-

202 1875 413 1935 terior
455 1876 694 1935 creatio
729 1876 1113 1944 animarum‚
1163 1873 1400 1932 saltem
1450 1877 1810 1949 antequam
1865 1874 2249 1948 corporibus

205 1954 824 2031 conjungerentur:
865 1956 1019 2012 tunc
1071 1952 1250 2012 enim
1294 1953 1513 2013 anima
1566 1957 1746 2013 esset
1791 1968 1942 2027 pars
1995 1951 2083 2022 ad
2121 1952 2247 2012 hoc

201 2032 526 2095 duntaxat
597 2038 816 2093 creata
884 2037 961 2092 ut
1057 2047 1254 2091 suum
1333 2034 1918 2106 complementum,
1990 2048 2240 2108 nempe

202 2128 474 2189 corpuS,
527 2112 979 2173 tantummodo
1044 2117 1410 2189 exspectet.
1470 2114 1638 2190 Ergo
1703 2114 1921 2173 anima
1982 2114 2248 2172 creatur

204 2194 370 2253 dum
419 2194 670 2268 corpori
718 2192 1157 2271 conjungitur.

285 2274 352 2332 2⁰
394 2273 625 2333 Anima
668 2273 762 2332 sic
805 2271 1231 2350 praeexistens
1279 2271 1681 2332 acti-vitatem
1727 2274 2095 2340 exerceret,
2142 2270 2249 2331 vel

201 2368 345 2413 non
394 2371 409 2410 :
450 2354 505 2413 si
543 2352 796 2415 nullam
840 2357 1183 2412 exerceret
1229 2351 1652 2417 activitatem‚
1709 2355 1866 2411 tunc
1911 2355 2249 2411 crearetur

201 2432 610 2509 principium
650 2431 846 2492 vitale
876 2432 961 2491 ad
1001 2431 1137 2491 hoc
1193 2435 1449 2491 tantum
1498 2434 1571 2490 ut
1615 2430 1846 2491 vitales
1890 2435 2076 2490 actus
2113 2446 2246 2490 non

203 2520 538 2582 exerceat,
595 2528 717 2573 seu
761 2528 894 2571 non
935 2511 1130 2581 vivat,
1191 2512 1430 2574 saltem
1485 2513 1555 2571 in
1613 2513 1767 2570 actu
1817 2510 2140 2571 secundo,
2185 2510 2249 2570 Si

203 2592 614 2653 activitatem
646 2594 936 2667 aliquam
981 2595 1262 2660 exercet,
1311 2607 1444 2651 non
1494 2594 1716 2667 potest
1751 2592 1875 2650 nisi
1922 2589 2247 2668 operatio·

202 2688 333 2732 nes
376 2673 519 2733 vitae
547 2669 1011 2731 intellectualis
1044 2669 1318 2741 elicere;
1369 2687 1563 2747 porro
1598 2675 2037 2745 praeterquam
2070 2669 2248 2745 quod

204 2753 447 2812 harum
477 2752 929 2828 operationum
958 2750 1516 2811 reminiscentiam
1546 2764 1722 2807 nunc
1750 2766 2015 2811 servare
2048 2749 2251 2810 debe-

202 2837 335 2900 ret,
382 2848 518 2892 non
563 2835 740 2891 esset
771 2832 1038 2906 proprie
1066 2827 1278 2891 forma
1311 2830 1625 2905 corporis.

289 2913 460 2989 Ergo
495 2910 654 2971 falsa
693 2914 757 2971 et
801 2910 1133 2985 sapientiae
1179 2908 1407 2973 divinae
1442 2909 1775 2969 reluctans
1822 2912 1925 2968 est
1976 2913 2243 2967 senten·

207 2992 301 3051 tia
331 2989 415 3051 de
447 2994 777 3053 creatione
809 2990 1174 3049 animarum
1204 2994 1562 3067 antequam
1605 2988 1863 3064 corpori
1884 2986 2249 3065 jungendae
2323 3033 2326 3035 .

204 3071 364 3133 sint.
761 3104 768 3110 ·

209 3204 349 3264 135.
425 3235 502 3245 --
544 3204 758 3262 Tnas1s
809 3201 882 3260 Il.
949 3198 1368 3260 Probabilz'us
1413 3203 1504 3258 est
1553 3200 1839 3257 animam
1887 3197 2251 3257 humanam

289 3284 558 3358 corpori
583 3283 892 3357 conjunct·
915 3280 984 3339 in
1010 3282 1149 3355 ipso
1181 3279 1615 3354 conceptionis
1646 3280 1989 3337 momento.

290 3422 482 3482 Proh.
540 3422 771 3481 Anima
827 3417 1166 3479 rationalis
1211 3432 1491 3477 munera
1545 3417 1815 3476 exercet
1857 3414 2050 3473 etiam
2107 3410 2254 3471 vitae

207 3492 628 3579 {vegetativam
663 3501 841 3577 atqui
867 3497 1250 3559 functiones
1287 3496 1697 3574 vegetativas
1754 3495 2025 3554 exercet
2065 3490 2255 3551 foetus

209 3580 373 3643 inde
436 3582 518 3641 ab
574 3582 720 3657 ipso
778 3578 1231 3657 generationis
1275 3576 1479 3639 initio.
1547 3577 1714 3653 Ergo
1762 3590 1845 3634 ex
1904 3573 2039 3661 hoc·
2078 3567 2251 3661 sfacto

211 3659 555 3722 videretur
582 3661 861 3721 animam
901 3655 1162 3718 infundi
1202 3656 1443 3732 inipso
1473 3652 1925 3733 generationis
1953 3652 2178 3721 initio„
