2642 4209
270 282 469 327 nurmursrut
490 273 646 327 0010011110.
663 300 703 324 .-
719 284 933 330 rsrcnonoon.
1072 272 1109 331 81

93 400 251 458 neutrum
266 395 345 456 dicit
365 399 474 473 potest
491 416 499 456 :
530 398 559 457 l⁰
574 397 602 456 si
616 397 725 458 anima
739 400 799 459 toti
814 400 951 462 cerebro
966 416 1110 477 praesens

93 481 196 548 esset,
214 476 282 555 jam
306 480 508 537 everteretur
530 474 786 545 fundamentum
808 484 997 558 systematis
1021 486 1111 560 quod

92 559 344 635 impugnamus3
363 557 525 622 collocant
540 559 628 618 enim
643 558 820 619 adversarii
835 561 978 620 animam
992 561 1025 622 in
1040 565 1110 629 solo

91 637 243 707 cerebro,
260 634 336 695 ideo
354 637 430 714 quia
445 637 646 713 impossibile
660 638 786 699 liabent
800 647 837 698 ut
851 641 959 699 anima
973 642 1012 702 sit
1026 659 1108 719 prae-

89 732 170 777 sens
193 716 343 793 pluribus
367 718 512 794 corporis
535 717 694 793 partibus.
717 721 750 785 2⁰
769 720 801 781 Si
836 722 944 780 anima
965 737 1110 797 praesens

90 802 142 858 est
155 798 313 858 duntaxat
325 805 445 873 puncto
458 798 583 858 cerebri
593 797 773 871 individue,
789 804 866 860 tunc
876 801 938 861 boc
950 807 1112 877 punctum

88 878 191 939 simul
213 879 378 952 reciperet
401 880 511 937 motus
531 878 629 954 plane
652 878 809 947 diversos,
826 897 857 941 v.
874 897 921 958 g.,
939 882 1061 943 doloris
1078 888 1112 944 et

17 984 22 993 =
89 958 334 1028 delectationis
366 958 482 1019 caloris
511 962 544 1017 et
575 956 719 1036 frigoris,
750 965 828 1031 010,
859 960 949 1038 quod
984 968 1108 1023 naturae

16 1046 30 1105 j
90 1054 267 1115 corporum
283 1038 470 1114 opponitur.
487 1038 583 1115 Erg0,
602 1045 663 1098 etc.

16 1114 22 1129 “
131 1118 168 1178 ll.
196 1120 229 1179 Si
252 1120 362 1178 anima
385 1118 419 1178 in
443 1117 513 1177 solo
541 1117 678 1177 cerebro
704 1118 877 1193 resideret,
897 1119 965 1197 J‘am
991 1136 1110 1182 omnes

16 1264 22 1287 ἢ
87 1202 303 1275 operationes
317 1198 435 1260 vitales
450 1195 689 1273 perficerentur
702 1197 735 1256 in
751 1197 811 1257 lrac
827 1203 922 1273 parte
947 1202 1107 1277 corporis.

86 1279 187 1355 Atqui
200 1279 236 1339 id
250 1278 451 1353 impossibile
473 1282 522 1337 est
545 1293 692 1353 prorsus,
718 1281 752 1337 et
776 1281 989 1339 conscientiae
1014 1281 1106 1341 testi-

15 1368 20 1403 1
86 1360 200 1419 monio
217 1359 395 1420 reluctans.
412 1356 538 1417 Etenim
556 1360 585 1417 l⁰
601 1372 676 1417 cum
696 1359 870 1418 cerebrum
891 1358 981 1419 omni
1006 1376 1109 1422 sensu

87 1442 214 1509 careat,
230 1438 328 1499 etiam
344 1442 460 1509 130100,
477 1440 513 1497 01
529 1453 569 1497 ex
583 1436 855 1517 physiologorum
872 1442 1106 1515 experimentis

14 1556 17 1571 ,.
85 1517 226 1579 indubie
255 1519 394 1591 constat,
423 1518 516 1577 locus
539 1532 612 1578 esse
637 1520 750 1595 nequit
774 1518 807 1578 in
833 1535 897 1596 quo
923 1522 1020 1581 unice
1051 1526 1109 1591 aut

21 1610 22 1613 ’
84 1599 253 1674 praecipue
282 1601 522 1676 peragerentur
549 1613 665 1657 omnes
695 1601 912 1660 sensationes.
943 1601 975 1659 2⁰
1003 1600 1037 1661 Si
1064 1600 1106 1661 de

14 1702 22 1733 a
85 1678 279 1739 sensatione
294 1680 384 1739 visus
398 1677 569 1755 speciatim
590 1677 796 1755 eloquamur,
821 1676 1031 1739 manifestum
1056 1685 1107 1741 est

85 1757 175 1817 hanc
187 1757 298 1834 perfici
309 1772 377 1817 non
386 1773 484 1836 posse
499 1760 532 1819 in
549 1757 697 1828 cerebro,
716 1758 805 1834 quod
816 1758 890 1818 luce
903 1757 1105 1823 destituitur.

17 1882 19 1887 -
85 1838 118 1899 3⁰
134 1838 261 1899 Inutilis
276 1853 410 1914 prorsus
429 1842 518 1898 esset
531 1837 690 1900 mirabilis
704 1837 758 1896 illa
777 1855 974 1917 organorum
991 1846 1104 1903 ,struc-

13 1929 22 1963 1
87 1921 175 1988 tura,
191 1935 262 1995 quae
277 1916 396 1977 adhoc
413 1922 542 1977 tantum
555 1917 731 1979 inserviret
746 1923 781 1978 ut
803 1919 1038 1995 impressiones
1062 1921 1106 1982 ad

86 1998 266 2058 cerebrum
282 1995 425 2071 deferat3
445 2004 477 2059 et
492 2012 572 2059 sane
588 1997 690 2068 nervi,
708 2000 764 2075 qui
783 2005 860 2059 sunt
885 1998 995 2059 media
1018 2002 1106 2061 inter

12 2142 13 2145 Ἴ
86 2079 263 2139 cerebrum
279 2082 311 2137 et
326 2093 450 2156 organa
465 2079 623 2149 sensoria,
639 2078 719 2139 nihil
732 2095 797 2155 pra
817 2097 853 2140 se
876 2080 989 2141 ferunt
1014 2080 1104 2158 quod

12 2174 22 2195 ’-
85 2156 129 2217 ad
143 2158 229 2219 hanc
244 2156 449 2219 artificiosam
463 2162 660 2219 structuram
676 2159 822 2218 accedat.
843 2161 875 2220 4⁰
900 2162 933 2221 ln
957 2160 1018 2219 hac
1040 2162 1104 2239 hy-

24 2241 33 2293 ,ῖ
83 2236 218 2314 pothesi
231 2241 358 2299 animus
378 2239 564 2314 perciperet
582 2237 843 2300 modificationes
865 2238 1022 2317 quasdam
1047 2241 1106 2317 ubi

83 2320 154 2379 istm
177 2332 246 2377 non
269 2322 363 2391 sunt;
390 2319 591 2379 conscientia
615 2322 703 2380 enim
733 2323 872 2379 testatur
893 2322 1104 2395 operationes

84 2397 201 2458 vitales
215 2396 330 2477 perlici
343 2398 376 2458 in
389 2396 523 2459 diversis
536 2401 681 2473 corporis
691 2400 855 2479 partibus3
868 2400 948 2460 nibil
958 2415 1104 2475 unquam

12 2552 13 2557 ἵ
84 2478 199 2537 retulit
212 2476 253 2537 de
270 2477 497 2553 experimento
517 2480 744 2542 sensationum
767 2480 800 2539 in
826 2480 975 2548 cerebro,
1003 2485 1104 2556 atque

13 2556 17 2565 ’
86 2556 128 2618 de
144 2557 273 2619 refluxu
287 2560 342 2618 illo
358 2574 377 2618 a
394 2557 531 2619 cerebro
547 2559 581 2619 in
595 2564 754 2622 sensoria.

12 2676 15 2685 ·
126 2638 213 2716 Ergo
229 2639 299 2700 sive
315 2641 506 2711 erratione,
525 2639 593 2698 sive
608 2655 648 2699 ex
662 2638 824 2701 factorum
844 2641 996 2699 accurata
1021 2652 1104 2699 ana·

12 2716 17 2791 J
83 2719 157 2799 lysi,
187 2720 257 2781 sive
287 2716 423 2779 tandem
451 2732 492 2778 en
519 2721 726 2781 conscientie
753 2718 938 2780 testimonio
974 2721 1104 2779 constat

12 2812 17 2825 '¹
83 2800 225 2859 animam
241 2812 309 2859 non
323 2796 470 2859 residere
485 2798 519 2859 in
535 2799 603 2861 solo
621 2802 770 2861 cerebro.

12 2898 18 2933 ³
86 2923 157 2985 128.
177 2956 218 2967 -
241 2924 349 2985 Tarsis
369 2924 406 2985 ll.
422 2924 537 2984 Animo
553 2927 678 2985 0011010
693 2925 726 2983 in
740 2928 804 2983 1010
818 2936 962 2996 corpore.
980 2926 1008 2980 01
1022 2925 1100 2993 1010,

121 3002 238 3063 saltem
263 3005 377 3078 ,quood
398 3003 656 3075 assentiabamus
676 3010 784 3065 autem
808 3002 918 3077 quood
938 3001 1103 3076 uirtutem,

121 3085 158 3143 111
178 3081 322 3158 quotibet
336 3083 482 3159 corporis
491 3087 598 3157 porte.

121 3200 218 3261 Noto.
242 3200 357 3260 Anima
381 3202 493 3275 potest
507 3197 710 3260 considerari
725 3200 755 3258 1ο
777 3194 888 3273 quoad
914 3196 1104 3269 essentiam,

12 3304 15 3323 ν
81 3280 116 3339 2⁰
132 3278 247 3356 quoad
261 3281 414 3340 virtutem
432 3298 439 3339 :
457 3283 622 3356 quatenus
637 3277 866 3360 consideratur
882 3274 993 3353 quoad
1006 3292 1106 3337 essen-
1122 3350 1125 3354 ¹

81 3359 178 3433 tiam,
195 3360 382 3435 concipitur
394 3361 431 3418 ut
445 3360 629 3422 substantia
644 3359 800 3435 simplem
818 3372 921 3435 quum
935 3356 1107 3434 inspicitur

81 3437 196 3515 quoad
210 3441 376 3510 uirtutem,
393 3454 457 3514 prae
477 3440 724 3518 operationibus
739 3438 891 3499 vitalibus
908 3452 989 3514 quas
1006 3436 1106 3507 elicit,

81 3522 115 3579 01
128 3516 345 3579 facultatibus
359 3521 539 3595 spectatur.

120 3600 289 3659 Probatur
304 3601 328 3658 p
337 3614 431 3674 pars.
448 3599 710 3661 autoramento
728 3612 873 3672 corpore.
890 3597 926 3655 ln
950 3596 1012 3657 hac
1035 3611 1101 3671 prr-

65 3692 134 3740 ·rua
148 3683 245 3757 parte
262 3674 459 3740 affirmamus
473 3680 617 3741 animam
632 3693 706 3737 esse
726 3675 957 3751 essentialiter,
981 3688 1102 3751 nempe

419 3774 502 3825 Bnuv.
517 3774 591 3823 Pmn.
605 3772 636 3823 Τ.
653 3773 685 3821 ll.
700 3800 731 3809 -
741 3764 768 3823 ’6.
