2642 4209
207 264 247 325 38
516 280 695 325 uanvunrun
716 280 918 324 rurtosormh

208 395 349 457 dvorsa.
360 394 511 455 Nostrum
522 398 670 473 systema
685 394 827 470 explicat
838 391 1060 455 diversitatem
1075 393 1226 454 snbstan-

209 474 557 547 tia1·um;atehimioi
585 473 628 534 ad
658 475 761 535 solam
795 474 954 553 analysim
988 473 1226 534 elementorum

206 557 344 618 chimino
373 554 571 630 simplicium
594 552 785 625 deveniunt,
809 569 879 632 que
911 558 945 614 et
974 552 1047 630 ipsa
1074 556 1154 613 sunt
1178 549 1225 613 di-

206 652 307 698 versae
329 634 529 695 substantiae.
558 635 636 694 lmo.

246 716 279 775 2ο
310 714 459 775 scientiis
480 714 624 790 physicis
651 712 801 787 apprime
828 713 986 787 coaptati.
1011 711 1229 772 Phauomena

207 794 482 855 cristottizett'oeis
510 792 748 853 rationabiliter
768 792 924 868 explicari
954 798 1129 869 nequeunt
1155 793 1227 851 sine

206 873 317 952 aliquo
346 872 504 949 principio
521 871 906 949 corporibusiutrinseco
929 874 1097 933 materiam
1120 870 1227 931 deter-

206 954 355 1013 minante
387 952 428 1014 ad
458 953 522 1012 tale
560 967 697 1028 corpus;
726 949 809 1011 illud
843 951 931 1012 enim
958 950 1157 1027 principium
1177 949 1224 1010 le·

206 1048 287 1113 gem
314 1030 507 1093 uniformem
531 1030 780 1092 condonationis
804 1031 1038 1092 molocularum
1072 1029 1224 1107 explicat.

246 1113 406 1173 Praeterea
445 1110 664 1174 diversitatem
699 1125 811 1173 rernm
837 1110 939 1188 longe
975 1109 1156 1188 perfectius
1185 1124 1226 1169 ec

207 1191 275 1254 alia
304 1191 506 1269 hypotheses
536 1190 677 1267 explicet
704 1194 852 1268 systema
878 1189 1112 1251 scholasticum
1142 1208 1150 1249 :
1179 1191 1224 1250 vi·

207 1287 262 1332 res
288 1273 375 1332 enim
404 1272 579 1332 attractiva
603 1275 635 1330 et
661 1270 844 1345 repulsivae‚
863 1271 1001 1331 cohaesio
1022 1273 1055 1330 et
1073 1268 1224 1344 affinitas,
1302 1325 1303 1342 ,

208 1348 380 1415 diversitas
419 1367 594 1426 corporum
640 1350 776 1411 chimice
824 1348 1018 1425 simplicium
1058 1350 1226 1409 rationem
1302 1387 1303 1416 ι

207 1430 350 1491 reddere
378 1435 551 1508 nequeunt
573 1429 614 1490 de
635 1432 793 1491 varietate
805 1430 1063 1491 substantiarum
1084 1433 1150 1489 tam
1169 1430 1227 1489 mi·
1302 1439 1303 1482 i

206 1510 298 1571 rabili
328 1525 398 1587 qua
434 1510 468 1571 in
498 1510 570 1587 ipso
597 1508 722 1569 mundo
760 1525 914 1584 corporeo
945 1510 1120 1586 reperitur,
1147 1506 1227 1568 dum
1302 1515 1303 1588 l

207 1589 378 1651 diversitas
405 1587 586 1652 formarum
623 1588 884 1651 substantialium
905 1587 940 1648 id
973 1589 1094 1666 optime
1124 1588 1226 1664 expli·
1302 1591 1303 1676 l

207 1673 270 1731 cat.
1302 1693 1303 1734 l

245 1748 410 1809 Probatur
429 1748 462 1809 2³
474 1764 562 1823 pers.
590 1748 677 1807 Dum
701 1750 809 1825 agitur
825 1745 1124 1826 desystematibus,
1145 1744 1227 1807 illud
1302 1757 1304 1808 l

206 1831 258 1888 est
286 1826 479 1905 eligendum
507 1824 598 1906 quod
625 1828 651 1886 l⁰
672 1843 738 1903 prae
766 1828 891 1889 catoris
913 1827 1001 1888 valet
1034 1826 1077 1887 ad
1116 1826 1228 1887 omnia
1302 1821 1304 1893 ἶ

204 1905 290 1968 facta
316 1906 523 1983 explicanda,
554 1910 655 1983 atque
678 1909 709 1967 2⁰
746 1907 877 1982 parcius
905 1906 1008 1967 utitur
1051 1906 1228 1967 clementis
1302 1901 1304 1984 l

206 2003 226 2047 a
253 1986 364 2064 priori,
402 2002 463 2046 seu
494 2001 577 2063 pure
609 1986 840 2065 hypotheticis
881 1987 981 2064 Atqui
1017 1988 1047 2047 1⁰
1075 1987 1228 2064 praesenti
1302 1993 1304 2044 t

207 2068 377 2145 systemati
399 2066 527 2127 nullum
557 2066 680 2144 opponi
708 2070 819 2143 potest
839 2064 958 2127 factum
979 2067 1013 2125 in
1041 2066 1112 2141 ipso
1136 2066 1227 2126 inex·

205 2146 360 2223 plicabile
382 2149 416 2206 et
439 2146 503 2223 ipsi
524 2146 703 2217 reluctans
728 2160 859 2206 necnon
882 2148 915 2206 2⁰
937 2145 1065 2206 nullum
1093 2145 1227 2221 proprie

206 2224 344 2286 adhibet
371 2226 574 2287 elementum
602 2242 685 2301 pure
716 2226 980 2304 hypotheticum;
1016 2241 1089 2287 nem
1122 2222 1229 2285 forma

206 2306 430 2366 substantialis
452 2322 519 2366 non
540 2308 651 2381 potest
681 2303 744 2368 dici
766 2305 969 2366 elementum
997 2319 1017 2363 a
1044 2304 1155 2386 priori,
1183 2304 1226 2365 si-

207 2383 343 2463 quidem
370 2387 404 2445 in
427 2385 619 2461 corporibus
647 2385 835 2446 viventibus
864 2384 1070 2462 experientia
1102 2382 1137 2443 id
1171 2382 1228 2444 de·
1301 2419 1302 2422 =

209 2465 291 2542 tegit
320 2465 411 2542 quod
438 2466 572 2525 nomine
599 2462 711 2525 forma
750 2465 973 2526 substantialis
1000 2462 1225 2541 designatur:
1301 2503 1302 2506 =

210 2542 332 2605 deinde
356 2546 389 2603 in
410 2544 603 2620 corporibus
622 2544 821 2621 inorganicis
842 2541 1071 2605 manifestatur
1095 2561 1135 2604 ex
1153 2560 1228 2619 pro-

208 2624 404 2699 prietatibus
434 2622 483 2699 (ll.
506 2622 568 2701 57),
597 2626 630 2683 et
659 2625 730 2703 ejus
755 2624 936 2684 necessitas
970 2621 1226 2684 demonstratur.

209 2704 294 2781 Ergo
322 2702 404 2763 illud
425 2706 571 2781 systema
598 2718 664 2781 prae
693 2704 816 2764 ceteris
847 2708 898 2764 est
922 2701 1124 2780 eligendum.
1301 2763 1302 2766 ,

249 2782 408 2843 Praeterea
434 2784 468 2843 2⁰
505 2783 875 2863 systemataopposita
911 2781 1034 2861 aliquid
1068 2782 1229 2860 erripluut
1301 2823 1302 2840 l

210 2862 309 2939 hujus
332 2864 531 2941 systematis,
555 2860 617 2922 alia
633 2862 699 2923 vim
726 2866 863 2923 activam
887 2878 948 2923 seu
977 2861 1116 2923 formam
1146 2862 1225 2923 sub·
1301 2873 1303 2882 ⁸

209 2942 407 3015 stantialem,
437 2942 499 3003 alia
523 2943 694 3002 materiam
725 2958 786 3001 seu
810 2959 880 3002 rem
903 2947 1084 3003 extensam.
1301 2947 1303 3013 ζ

252 3022 483 3097 confirmetur.
502 3023 529 3084 1⁰
543 3024 738 3082 Atomismcs
751 3023 940 3095 dynamicus
952 3021 995 3082 ad
1010 3022 1152 3099 aliquam
1162 3022 1230 3081 eim
1301 3026 1303 3092 ζ

205 3102 349 3161 recurrit
377 3103 523 3163 neoterica
545 3100 702 3161 additam.
726 3102 811 3178 Ergo
836 3102 905 3162 sola
933 3102 1158 3162 materiamen
1179 3100 1226 3160 vi·

171 3241 174 3245 .
211 3178 308 3242 detur
345 3178 511 3243 sufficiens
547 3180 589 3240 ad
628 3178 859 3257 explicandam
893 3179 1113 3242 diversitatem
1148 3180 1229 3240 sub-

209 3260 416 3333 stantiarum,
447 3261 492 3320 ita
524 3264 562 3321 ut
586 3260 631 3320 illi
663 3262 819 3321 atomistae
864 3264 1026 3338 cogantur
1063 3260 1229 3337 explicare

210 3343 428 3480 {tompositum
447 3340 596 3401 naturale
626 3356 687 3416 per
708 3337 832 3417 aliquid
853 3339 887 3401 in
915 3344 991 3401 actu
1012 3347 1129 3417 praeter
1157 3356 1229 3399 ma·

227 3435 340 3480 errem.

250 3500 443 3568 hiemismtts
463 3496 627 3569 chinricus,
654 3496 766 3574 quoad
798 3513 838 3558 ea
869 3514 940 3575 qua
971 3504 1050 3559 sunt
1080 3502 1173 3559 certa
1198 3503 1231 3559 et

145 3652 146 3655 Ἴ
212 3578 394 3653 explorata,
421 3591 490 3637 non
515 3576 695 3652 opponitur
719 3578 891 3655 systemati
917 3576 1124 3639 scholastico.
1151 3578 1228 3639 lite·
1300 3649 1301 3652 Ἴ

28 3696 32 3703 -
210 3658 280 3719 nim
294 3656 487 3719 atomismus
503 3656 659 3717 chimicus
679 3654 764 3717 facta
786 3659 924 3748 externa
939 3656 1110 3719 dumtaxat
1123 3656 1229 3733 expli·
