2642 4209
110 3178 115 3189 „
148 3196 150 3199 Ι
212 3138 312 3184 mantes
326 3138 385 3183 sunt
399 3135 449 3199 dup

206 238 244 300 32
308 290 312 295 .
515 256 698 300 enevnamii
720 254 923 299 rniiosoruia

207 368 421 431 terminabilis
435 370 480 431 ad
490 370 680 444 faciendum
694 370 974 445 corpusculorum
987 364 1042 445 (l).
1058 368 1160 428 Prout
1174 368 1224 427 cst
1312 365 1314 370 ’

209 448 290 528 quid
314 450 561 525 incompletum,
590 452 745 509 censetur
771 448 895 509 habere
923 449 1069 508 innatum
1093 448 1222 523 appeti-

209 534 287 601 tum,
312 544 372 589 seu
392 529 572 588 naturalem
597 528 864 605 propensionem,
892 526 935 589 ad
958 543 1053 587 suum
1080 526 1226 601 comple·
1313 575 1315 584 .

209 612 368 679 mentum,
388 623 449 667 seu
468 606 510 667 ad
528 605 649 669 formas
668 606 912 679 substantiales,
945 624 1082 685 quarum
1109 609 1160 667 est
1184 620 1228 666 ex

209 692 327 751 natura
350 703 410 747 sua
437 703 549 763 capax.
579 685 726 765 ideoque
752 686 793 748 de
822 701 859 746 se
889 692 941 747 est
967 702 1049 764 pura
1073 685 1226 762 aptitudo

209 766 252 827 ad
270 764 506 845 perfectionem
530 768 764 843 recipiendam,
798 773 831 827 et
856 768 1075 828 essentialiter
1098 767 1229 843 appetit

210 847 294 909 hanc
319 845 565 924 perfectionem.

241 950 283 999 54.
300 975 331 987 -
345 948 395 997 Sed
408 953 527 1011 quaerunt
550 948 693 997 scholastici
709 951 796 997 utrum
818 948 926 997 materia
947 946 1030 1012 prima
1049 947 1086 995 ita
1103 945 1137 995 sit
1160 960 1228 1009 pura

211 1010 333 1079 potentia,
357 1015 394 1069 ut,
414 1015 549 1075 antequam
564 1009 597 1057 sit
610 1011 642 1058 ab
656 1010 740 1072 aliqua
761 1010 842 1059 forma
863 1009 1023 1059 substantiali
1044 1009 1226 1065 determinata,

212 1074 310 1123 nullum
322 1070 451 1121 includere
465 1071 544 1135 possit
557 1076 643 1119 actum
657 1071 826 1130 entitativum,
850 1085 895 1119 seu
916 1077 975 1121 actu
997 1087 1051 1120 esse
1074 1086 1127 1119 non
1144 1068 1228 1134 possit
1314 1091 1316 1120 ι

211 1150 272 1184 vera
285 1133 388 1183 realitas
400 1134 427 1181 in
441 1133 530 1181 ordine
542 1134 654 1196 physico.
671 1134 765 1183 Sensus
787 1132 965 1197 disputationis
987 1133 1089 1197 proprie
1112 1146 1164 1180 non
1186 1134 1231 1179 est

211 1202 298 1247 utrum
317 1211 349 1244 ex
370 1204 474 1243 natura
495 1196 537 1243 rei
559 1194 586 1243 id
606 1194 738 1251 habeatur,
761 1209 819 1242 nain
843 1196 927 1257 quoad
948 1195 1043 1244 factum
1060 1208 1148 1243 omnes
1170 1193 1227 1241 iere

207 1262 314 1323 negant,
328 1258 373 1306 sed
385 1271 419 1304 an
432 1254 464 1304 de
474 1256 596 1317 potentia
609 1256 734 1305 absoluto
749 1256 816 1306 Deus
829 1256 969 1320 producere
989 1256 1068 1319 possit
1090 1254 1229 1305 materiam

211 1335 269 1370 cuin
292 1320 356 1367 reali
380 1317 515 1367 existentia
543 1332 594 1366 noo
625 1318 782 1381 productae
805 1320 888 1369 forma
920 1333 973 1379 seu,
995 1317 1051 1367 aliis
1074 1317 1167 1377 verbis,
1191 1330 1230 1366 an

211 1382 325 1433 absolute
338 1384 463 1444 repugnet
477 1375 532 1428 dari
546 1382 680 1428 materiam
693 1379 801 1443 primam
815 1378 870 1428 sine
884 1379 980 1428 formai

242 1444 362 1506 Plerique
376 1441 476 1492 Scholae
490 1442 610 1490 doctores
624 1440 758 1490 materiam
772 1440 918 1504 concipiunt
932 1446 961 1490 ut
976 1456 1064 1504 puram
1085 1440 1231 1505 potentiam

212 1520 272 1569 quae
288 1504 315 1553 in
338 1518 374 1559 se,
398 1518 442 1552 seu
463 1502 523 1551 inde
541 1504 664 1552 endeoter
686 1517 702 1551 a
723 1506 804 1551 torma
826 1504 993 1559 substantiali,
1018 1503 1114 1551 nullam
1133 1504 1232 1551 habere

211 1570 296 1631 posset
310 1564 479 1625 existentiam,
495 1518 540 1613 sed
554 1565 636 1613 solum
650 1566 769 1613 existeret
781 1578 827 1628 per
840 1564 1002 1613 existentiam
1019 1564 1097 1613 totius
1119 1579 1231 1629 compo·
1315 1581 1317 1592 ·

212 1628 266 1677 siti.
283 1627 358 1676 Ratio
372 1632 410 1675 est
424 1626 491 1691 quod
504 1631 576 1675 actus
590 1624 722 1684 existendi,
738 1632 858 1689 tanquam
872 1626 961 1675 ultima
971 1625 1008 1674 rei
1021 1625 1164 1686 actualitas,
1176 1639 1232 1674 non

212 1689 281 1739 eadit
295 1688 344 1739 nisi
357 1689 384 1736 in
397 1703 452 1736 reni
464 1689 491 1735 in
505 1687 587 1751 specie
601 1692 627 1735 et
639 1688 668 1734 in
680 1686 814 1736 individuo
828 1686 1031 1737 determinatam.
1045 1688 1097 1737 Alii
1110 1688 1231 1736 Scholas-

212 1750 266 1809 tici,
281 1755 309 1798 ut
321 1753 420 1807 Scotus,
435 1750 538 1811 Suarez,
553 1754 618 1809 etc„
634 1748 727 1797 docent
739 1750 806 1812 quod
820 1755 927 1798 materia
940 1748 1022 1813 prima
1036 1750 1133 1798 habere
1142 1752 1231 1813 posset

212 1812 342 1923 Hropriam
366 1811 528 1861 existentem
555 1810 755 1874 independenter
783 1826 797 1859 a
820 1812 902 1859 formu
926 1824 932 1859 ς
956 1815 983 1859 et
1005 1810 1095 1859 exinde
1118 1810 1230 1860 materia
1315 1829 1316 1832 ¹

231 1873 307 1923 icitur
319 1888 383 1937 pura
396 1873 508 1937 potentia
522 1872 680 1921 solummodo
693 1877 808 1935 respectu
821 1871 952 1936 compositi
975 1876 1020 1922 aut
1040 1872 1142 1931 lormae3
1166 1870 1230 1921 hinc

212 1936 280 1986 soret
302 1934 329 1983 iii
348 1938 406 1983 actu
430 1934 562 1983 entitativo
585 1938 611 1981 et
623 1948 674 1981 non
688 1936 823 1998 completo,
837 1948 910 1982 secus
923 1940 989 1984 esset
1001 1934 1076 1983 simid
1090 1941 1168 1982 actus
1182 1946 1231 1983 seu

212 1998 304 2058 torma,
319 2001 345 2045 et
355 1997 477 2058 potentio
490 2010 533 2044 seu
548 1995 665 2047 materia.
684 1996 744 2051 lmo,
758 1996 831 2059 juxta
845 1996 952 2058 aliquos,
966 1995 1073 2046 materia
1092 1996 1186 2059 prima,
1199 1994 1230 2044 iii

212 2057 349 2116 communi,
374 2062 411 2105 est
434 2056 460 2104 id
474 2056 551 2126 ¹quod
574 2058 640 2107 Deus
664 2057 782 2121 primitus
802 2056 907 2117 creavit,
932 2063 958 2107 et
980 2073 1012 2106 ex
1033 2072 1085 2121 quo
1101 2058 1232 2108 mundum

209 2135 256 2179 cor
274 2125 362 2169 orcum
377 2118 501 2167 conflavit.

268 2196 339 2231 erum
362 2180 468 2244 quaestio
491 2180 533 2229 illa
557 2178 589 2228 de
611 2195 665 2229 esse
687 2180 820 2230 entitatiro
838 2178 954 2230 materiae
975 2182 1064 2246 primae
1091 2183 1130 2229 est
1154 2185 1232 2231 extra
1316 2183 1318 2189 “

212 2259 259 2311 pro
278 2246 342 2293 riam
355 2243 481 2292 rationem
495 2242 647 2306 systematis,

268 2305 389 2355 otandum
412 2308 451 2352 est
472 2305 550 2353 etiam
570 2303 638 2367 quod
660 2302 769 2352 materia
789 2303 873 2368 prima
893 2303 1037 2367 concipitur
1056 2307 1085 2353 ut
1106 2304 1229 2366 specifice

213 2383 273 2427 uua,
289 2366 333 2416 sed
346 2366 447 2415 diversa
459 2380 572 2415 numero
584 2366 611 2414 in
625 2367 775 2430 corporibus
784 2380 890 2413 numero
903 2364 1019 2414 diversis.

243 2456 283 2505 55.
297 2482 328 2491 —
342 2454 374 2503 ll.
389 2455 428 2503 De
441 2454 534 2515 formo
546 2453 730 2503 substantiali.
742 2453 835 2501 Forma
848 2453 885 2501 sic
897 2450 991 2501 dicitur
1004 2451 1064 2519 quia
1078 2472 1092 2500 «
1105 2453 1230 2503 format»

213 2531 258 2566 seu
273 2516 404 2567 constituit
425 2514 528 2580 aliquod
553 2514 581 2563 in
607 2530 637 2579 pr
654 2514 711 2578 pria
729 2512 819 2583 specie.
838 2514 874 2562 At
892 2528 941 2563 vox
956 2510 1000 2564 illii
1018 2516 1088 2565 varie
1108 2516 1228 2576 sumitur,

212 2577 273 2629 licet
291 2592 389 2642 semper
404 2579 530 2642 significet
548 2575 608 2639 quid
629 2576 803 2623 determinans
815 2589 859 2624 seu
872 2576 1037 2626 constituens.
1056 2576 1189 2642 Accipitur
1204 2577 1230 2627 1·

212 2654 260 2705 pro
272 2644 325 2689 tota
339 2640 376 2689 rei
391 2644 483 2704 natura
497 2637 524 2686 in
536 2640 665 2686 abstracto
678 2642 800 2701 spectata,
812 2642 873 2685 tnnc
883 2640 984 2687 dicitur
991 2640 1083 2700 forma
1094 2640 1232 2709 metaphy-

212 2704 277 2758 sica,
312 2717 350 2750 uae
364 2701 427 2750 nihil
443 2699 514 2751 aliud
532 2708 569 2748 est
584 2713 660 2762 quam
676 2698 853 2747 intellectualis
877 2699 1006 2765 expressio
1023 2699 1102 2749 totius
1114 2706 1230 2751 essentiae

211 2717 351 2826 (215-2i6);
366 2763 392 2811 2⁰
406 2777 453 2827 pro
467 2762 569 2830 integra
583 2760 730 2830 nat-uraurei
745 2760 867 2824 simplicis
881 2768 906 2810 et
926 2761 1100 2831 immaterialis
1118 2777 1165 2811 seu
1181 2776 1230 2828 pre

211 2839 370 2935 &cumque
395 2825 537 2873 substantia
563 2822 724 2872 immateriali
746 2827 773 2871 et
801 2822 935 2886 completa,
956 2829 984 2873 et
1012 2824 1106 2875 dicitur
1135 2826 1229 2885 forano

260 2888 367 2936 sistens.

244 2948 295 2998 Sed
308 2949 349 2997 hic
362 2948 447 3013 agitur
461 2948 493 2997 do
507 2946 588 2995 forma
603 2959 659 3008 quae
673 2944 753 2993 estin
768 2944 886 3006 materia,
900 2951 997 2995 etcum
1009 2944 1119 2996 materia
1130 2943 1232 2997 consti-

212 3009 262 3060 tuit
283 3011 385 3075 aliquod
399 3008 566 3073 compositum
580 3021 730 3070 corporeum
745 3021 751 3055 :
767 3008 822 3057 haer
837 3008 937 3072 proprie
949 3007 1043 3057 dicitur
1064 3008 1158 3069 forma
1183 3009 1232 3058 in-

212 3071 346 3133 formarer,
361 3089 392 3137 qu
397 3073 421 3122 ia
435 3076 494 3183 apta
507 3074 568 3119 nata
583 3074 620 3138 est
632 3068 927 3181 infqrmaretmatertiamf
939 3070 1036 3120 Varum
1051 3070 1140 3138 formae
1153 3069 1231 3180 itieifror·

460 3148 507 3181 icis
537 3145 774 3180 eneris:a1acsun
815 3146 857 3180 eni
871 3147 901 3180 us
918 3145 1046 3181 immersae
1063 3145 1091 3179 in
1112 3146 1155 3180 ma
1196 3147 1221 3181 ia

212 3195 250 3247 ita
271 3203 300 3247 ut
321 3210 376 3245 esse
398 3149 536 3260 nequeantg
547 3192 601 3242 sine
623 3192 740 3253 materia,
761 3196 787 3241 ct
797 3147 925 3243 1dicuntur
936 3194 1037 3255 formos
1050 3166 1234 3255 materiales}

247 3322 291 3400 (1).
296 3336 405 3388 Materia
418 3334 501 3399 prima
513 3332 715 3397 stricte‘sumpta
728 3335 767 3381 est
781 3332 985 3396 ingeneratus,
1002 3331 1063 3397 quia
1079 3346 1230 3397 praesuppo-

215 3400 285 3452 nitur
306 3404 366 3449 ante
384 3410 486 3448 omnem
509 3393 720 3463 generationem:
737 3408 794 3442 cum
817 3393 850 3443 sit
873 3393 984 3459 primum
1005 3394 1156 3458 subjectum,
1177 3408 1231 3443 non

215 3466 365 3530 potestesse
379 3462 512 3509 terminus
525 3456 710 3522 generationis.
725 3456 821 3504 Tamen
834 3459 874 3504 est
888 3456 1038 3517 subjectum
1057 3453 1230 3520 generationis

8 3562 9 3567 ,
46 3542 47 3545 ¹
216 3529 341 3589 quatenus
356 3536 402 3586 per
416 3522 523 3570 lerinam
539 3514 701 3567 contrahitur
714 3518 747 3565 ad
761 3528 854 3581 corpus
866 3516 1063 3567 determinatum
1078 3530 1084 3566 :
1099 3532 1230 3582 quaprop-

8 3592 19 3613 ‘'
140 3632 141 3635 ,
216 3592 256 3637 ter
270 3586 359 3635 dicunt
387 3584 517 3645 lerumque
531 3577 744 3629 scholasticieam
767 3593 822 3627 essa
844 3578 1015 3643 generabilem
1037 3579 1181 3642 subjective
1204 3582 1231 3630 et
1291 3638 1294 3641 ⁴

106 3658 108 3661 '
127 3668 128 3671 ¹
216 3645 363 3714 ingenerab'
376 3660 416 3693 em
430 3642 611 3695 terminatius.
