2642 4209
1284 180 1286 203 Ι

240 212 319 278 *leo
563 234 742 278 annviiiniuu
763 232 966 276 nnitosonnnu
1284 238 1286 296 ᾗ

1284 298 1286 349 Ι

239 342 359 416 “’··1οηί0,
375 345 415 404 in
437 345 500 404 hoc
523 343 684 418 consistit,
709 342 800 421 quod
815 340 955 403 affirmet
975 342 1136 405 visionem
1163 343 1261 405 imme·
1284 358 1286 441 j

258 424 381 485 iliatam
415 425 670 491 ,attributorum
721 426 916 493 diuinorum,
963 429 997 484 et
1037 425 1134 484 simul
1176 431 1286 502 neget·

245 507 417 567 *visionem
438 505 537 579 ipsias
553 505 693 564 essentie
713 503 828 565 diotae
841 505 875 561 in
896 503 1017 579 seipsa.

295 587 449 646 Tbeorias
475 584 553 644 alias
581 583 794 659 particulares
816 580 940 642 referre
970 598 1037 643 non
1061 587 1167 654 vacat,
1195 601 1261 662 quas

257 669 403 726 continet
417 663 496 723 illua
518 669 689 742 systema.v
1099 737 1109 746 ,

293 747 364 806 292.
387 777 426 787 -
450 748 493 803 be
514 741 836 816 senti-antotopisrao.
863 741 1207 818 Semi-ontologismus
1228 746 1258 806 ab

253 825 473 901 ontologismo
506 839 588 898 puro
626 824 659 881 in
703 823 767 882 hoc
807 823 993 898 praesertim
1032 820 1151 894 differt,
1183 826 1258 900 quod

252 907 386 964 modam
425 904 556 966 visionis
592 901 790 978 ontologicae
828 902 1026 972 consideret,
1069 903 1149 962 dum
1190 905 1258 965 alter

250 985 409 1060 objectam
431 983 672 1045 terrm'aatioant
691 985 789 1041 unice
811 981 999 1058 perpendit.
1026 982 1142 1042 Modus
1161 980 1210 1043 ille
1231 985 1256 1047 in

250 1064 313 1123 hoc
332 1065 479 1124 consistit
493 1061 583 1140 quod
602 1062 787 1122 intellectus
803 1064 913 1124 omnia
927 1061 1142 1139 intelligibilia
1160 1063 1255 1126 videat

248 1144 284 1203 in
303 1145 377 1203 idea
395 1147 484 1214 eatis,
513 1157 587 1220 quae
604 1145 654 1200 est
677 1142 789 1201 lumen
811 1143 956 1202 rationis.
981 1141 1063 1202 lllud
1084 1143 1194 1202 lumen
1211 1150 1253 1205 est

231 1225 451 1284 metientia
478 1239 539 1298 qao
575 1221 684 1282 omnia
718 1221 936 1298 intelligibilia
972 1223 1198 1298 perspicimus,
1224 1227 1252 1285 ln

248 1305 414 1363 sententia
447 1302 782 1378 semi-ontologorum
815 1302 928 1362 lumen
956 1303 1179 1362 intellectuale
1211 1311 1252 1365 est

224 1392 234 1402 ”
248 1384 315 1458 ipse
336 1388 430 1448 Deras.
449 1383 652 1443 intellectum
669 1381 878 1451 collustrans;
898 1386 948 1441 est
962 1383 1034 1458 ipsa
1050 1383 1107 1442 Dei
1124 1386 1250 1444 essentia

223 1497 225 1504 ·
246 1479 368 1538 nempe
390 1463 529 1522 verbum
549 1461 694 1522 divinum
719 1467 755 1520 ut
776 1461 982 1520 intellectum
1003 1463 1189 1522 illuminans
1206 1463 1248 1543 (l).

286 1542 428 1602 Medium
442 1559 520 1620 ergo
536 1542 569 1602 in
585 1557 649 1618 quo
669 1543 777 1601 omnia
792 1542 1006 1620 intelligibilia
1020 1544 1247 1620 cognoscimus,

245 1629 296 1682 est
324 1624 396 1682 haec
417 1625 492 1682 idea
516 1626 603 1690 ratis,
634 1621 698 1690 vel,
716 1621 812 1699 Juxta
842 1622 934 1694 alios,
964 1624 1074 1698 ipsum
1107 1623 1246 1696 Verbum,

224 1769 226 1772 ,
243 1701 406 1763 mediator
427 1704 532 1779 Deum
546 1705 630 1762 inter
643 1707 676 1760 et
690 1702 852 1761 homines,

285 1785 403 1843 Verum
432 1783 474 1843 ad
502 1783 736 1857 perceptiones
760 1783 935 1841 veritatum
960 1781 1245 1861 metaphysicarum

222 1865 276 1922 ”et
302 1863 536 1937 conceptiones
563 1861 728 1937 quaslibet
749 1859 981 1931 efformandas,
1005 1866 1128 1936 praeter
1150 1862 1244 1924 ideam

242 1945 327 2002 entis
343 1943 451 2011 realis,
467 1941 561 2001 multi
577 1942 725 2019 ontologi
744 1942 978 2002 necessitatem
998 1944 1159 2003 sermonis
1177 1961 1239 2021 pro-

241 2026 391 2099 pugnant
414 2022 466 2100 (2l.
1284 2030 1286 2067 2

267 2131 338 2192 1292
353 2131 410 2188 bis.
429 2163 466 2170 -
482 2127 810 2204 Semi-ontologismo
826 2124 922 2186 valde
934 2125 1030 2187 affine
1047 2133 1241 2207 estsystema

237 2211 381 2270 Rosmini
418 2209 592 2268 statuentis
627 2208 757 2267 unicam
793 2223 867 2266 esse
897 2207 930 2267 in
963 2215 1076 2267 mente
1115 2211 1240 2273 bumana

236 2289 345 2350 ideam
359 2292 517 2359 innatam,
534 2302 656 2362 nempe
672 2287 781 2346 ideam
798 2289 877 2346 eatis
890 2288 1051 2360 possibilis
1066 2293 1096 2346 et
1111 2305 1238 2350 coarma-

235 2371 371 2438 nissimi,
389 2369 483 2446 quus
499 2383 615 2426 onmes
638 2368 711 2426 aliae
733 2367 820 2428 ideae
839 2371 915 2426 sunt
936 2370 1031 2429 varia
1053 2367 1237 2430 determina·

236 2449 342 2510 tiones
357 2465 418 2526 ope
435 2448 658 2507 sensationum
672 2454 827 2522 peractae.
840 2445 989 2524 Cognitio
1004 2449 1118 2524 itaque
1134 2449 1240 2527 duplici
1284 2406 1286 2541 Ι

235 2534 366 2589 constat
395 2530 559 2588 eleinento
592 2545 598 2586 :
629 2528 657 2585 l0
681 2529 846 2587 elemento
871 2543 889 2586 a
910 2529 1024 2600 priori
1046 2531 1080 2587 et
1102 2531 1237 2603 formati,

234 2611 323 2686 quod
341 2611 391 2670 est
416 2607 491 2667 idea
514 2606 608 2674 entis,
636 2609 668 2668 2³
693 2610 858 2667 elemento
875 2623 891 2664 a
907 2611 1084 2680 posteriori
1098 2613 1131 2667 et
1150 2617 1236 2669 atate-

231 2690 322 2756 rtati,
361 2688 450 2765 quod
481 2687 812 2748 determinationibus
842 2703 860 2744 a
891 2702 993 2746 sensu
1016 2687 1135 2748 oblatis
1150 2692 1237 2750 conti·
1284 2716 1286 2779 i

231 2774 339 2828 netur.
359 2771 424 2828 lloc
446 2774 588 2844 systema
605 2783 670 2826 non
687 2768 795 2827 minus
815 2765 995 2825 absurdum
1024 2783 1126 2842 quam
1158 2774 1236 2831 onto-
1284 2798 1286 2855 5

216 2847 401 2926 ,logismus
417 2864 484 2907 non
501 2851 578 2924 eget
593 2847 729 2922 speciali
745 2844 980 2919 confutatione,
1006 2848 1114 2908 semel
1129 2846 1236 2911 eversis
1284 2880 1286 2897 ι

229 2929 383 2990 omnibus
397 2926 576 2988 rationibus
593 2927 838 3003 ontologorum.

266 3009 336 3069 293.
352 3042 389 3050 —
402 3009 622 3066 Fundamenta
635 3008 841 3082 oatotopisrai
849 3006 1086 3077 expendantur.

266 3089 430 3160 ltationeS,
448 3087 567 3163 quibus
579 3087 726 3164 ontologi
748 3102 845 3146 suum
858 3089 1005 3164 systema
1027 3089 1112 3148 tueri
1128 3103 1235 3148 conan-
1284 3136 1286 3171 ἱ

254 3227 288 3290 (ll
305 3226 469 3276 Recentiores
490 3221 621 3287 Ontologi,
648 3225 737 3272 saltem
750 3230 807 3293 post
820 3223 1016 3272 declarationem
1031 3224 1057 3272 S.
1072 3225 1236 3288 inquisitionis

222 3287 327 3353 Congu,
342 3287 477 3352 quamdam
491 3285 678 3335 distinctionem
692 3287 831 3335 admittunt
842 3287 908 3334 inter
921 3285 983 3333 illud
999 3286 1083 3334 lumen
1099 3295 1124 3336 et
1135 3290 1235 3341 divinam

220 3351 371 3410 essentiam3
386 3349 430 3398 sed
445 3351 563 3416 naturam
583 3348 657 3410 hujus
671 3348 850 3406 distinctionis,
865 3363 922 3411 qua>
933 3361 1031 3420 reapse,
1045 3349 1071 3396 in
1086 3365 1173 3400 eorum
1185 3369 1235 3417 sys-

218 3419 322 3473 temata,
337 3427 390 3460 non
403 3415 442 3458 est
455 3411 504 3458 nist
517 3411 645 3470 verbalis,
658 3425 787 3474 nunquam
800 3411 869 3459 clare
879 3409 1014 3460 etdeiimte
1024 3410 1234 3479 explicarepotue·

138 3513 141 3519 .
217 3480 288 3552 runt.

217 3567 282 3680 ᾅδω
291 3569 408 3695 ἓὴὲἱξιὰ
415 3566 633 3632 Aatbropolopioe
643 3568 835 3631 philosophicae
849 3569 989 3631 elementa,
1004 3569 1064 3634 Ip.;
1075 3571 1173 3636 Psycb.
1189 3593 1214 3630 c,

262 3647 290 3680 co
308 3646 359 3680 aaa
410 3662 419 3679 .
