2642 4209
290 302 487 347 uersrnxsrca
508 301 666 346 senentis,
682 318 721 327 -·
735 302 841 355 runos.
864 304 931 347 mr.
994 292 996 300 ¹
1060 290 1119 349 223

91 432 176 476 mus
204 433 267 493 per
290 416 493 478 additionem
519 436 541 478 a
569 435 602 477 se
629 416 711 477 illud
739 434 861 479 nomen
887 418 1051 495 explicare
1076 418 1120 481 ad
1175 426 1176 430 ’

90 495 355 576 significandum
372 499 476 556 Deum
490 500 607 559 solum.
625 496 717 559 Unde
739 512 861 557 nornen
886 502 943 573 qui
960 504 1015 569 est,
1034 506 1047 558 ὀ
1067 501 1116 571 dv,

92 592 163 638 seu
175 592 297 636 nomen
310 582 614 650 tetragrammaton,
629 578 781 647 iehovuh,
801 582 851 639 est
865 579 923 639 Dei
936 580 1116 655 proprium.

140 656 213 718 359.
242 692 279 699 —
304 658 376 717 Seh.
403 659 436 717 ln
460 660 638 734 quaestione
659 658 739 731 quid
756 660 795 717 sit
814 662 909 726 Deus,
931 659 1010 719 nihil
1029 658 1118 720 aliud

94 734 276 812 querimus
291 738 354 797 nisi
365 741 401 795 ut
422 741 601 814 conceptus
622 735 778 804 confusus
793 738 872 798 entis
890 754 911 796 u
930 754 963 797 se
983 738 1116 799 distino-

92 816 349 955 {iorgeddatun
372 817 591 893 explicatione
613 832 728 877 eorum
753 832 822 893 quae
841 817 874 875 in
893 816 947 878 illo
971 834 1117 895 compre·

122 912 167 956 en
193 901 304 957 untur.
657 904 660 913 ’

94 1020 172 1081 360.
189 1054 229 1063 —-
244 1022 349 1081 Tnesrs
365 1021 400 1080 ll.
420 1024 594 1095 Conceptus
607 1022 688 1080 entis
702 1037 775 1088 ose,
794 1022 959 1095 quijuocic
973 1026 1118 1083 nostrum

140 1103 343 1174 concipieuii
359 1104 500 1167 modeim,
521 1101 658 1159 hahetur
680 1105 715 1159 ui
743 1104 830 1160 ratio
853 1107 978 1162 naturae
1003 1104 1118 1163 divine

140 1182 354 1247 constitutive,
370 1182 471 1255 plane
496 1180 605 1252 differi
630 1180 670 1237 ab
692 1181 767 1239 idea
786 1182 864 1239 eutis
877 1182 935 1241 sud
951 1198 1014 1256 quo
1027 1182 1117 1243 iutel-

140 1260 276 1334 liqiruus
289 1262 448 1336 quidquid
462 1260 668 1334 concipimus.
1097 1285 1099 1288 ·

138 1371 236 1430 Proh.
262 1374 291 1432 l⁰
312 1372 378 1431 Sub
402 1372 464 1431 hac
488 1370 573 1439 idea,
596 1386 665 1445 quae
691 1375 741 1431 est
764 1376 841 1431 nota
862 1372 1116 1433 abstractisslma

92 1452 269 1519 realitatis
284 1467 348 1510 non
363 1449 654 1526 comprehenditur
668 1466 727 1511 ens
738 1450 874 1524 aliquod
887 1451 1066 1526 siccatum,
1084 1454 1118 1512 in

93 1548 130 1591 se
145 1532 413 1600 determinatum·
434 1530 599 1609 ejusmodi
620 1530 707 1591 enim
722 1529 796 1589 idea
817 1532 971 1608 importat
991 1547 1117 1593 meram

94 1611 343 1687 oppositionem
359 1609 401 1670 ad
416 1628 479 1670 noo
493 1627 568 1681 esse,
584 1626 645 1670 seu
666 1612 794 1685 aliquid
817 1613 887 1669 sine
914 1610 1114 1672 determina-

95 1692 202 1761 tione,
219 1688 372 1750 ridelicet
391 1692 554 1750 rationem
578 1692 662 1750 entis
681 1688 969 1752 indeterminatam
993 1689 1114 1769 signifi-

98 1773 163 1829 cat.
183 1768 363 1845 Explicalio
388 1770 454 1829 haec
474 1770 506 1829 in
524 1770 700 1830 discrimen
723 1772 870 1831 revocari
894 1772 1009 1848 nequit
1035 1772 1115 1849 quin

96 1848 290 1911 destruatur
306 1854 393 1909 titus
414 1849 494 1909 ordo
510 1852 744 1927 cognitionum.
761 1851 859 1927 Atqui
881 1867 946 1910 esse
967 1852 1114 1911 diuinum

97 1933 151 1990 est
168 1946 242 1989 esse
257 1931 435 2007 singulare,
457 1929 711 1990 determinatum
733 1928 1006 1991 determinatione
1027 1945 1114 1991 sum-

95 2025 164 2069 ma.
181 2011 223 2070 Er
248 2026 278 2068 0.

136 2026 297 2149 Preiegrea
311 2088 343 2147 2⁰
357 2089 438 2149 ratio
465 2091 547 2149 entis
573 2086 827 2149 indeterminata
843 2103 954 2166 neque
971 2095 1020 2150 est
1040 2104 1114 2152 esse

95 2169 259 2235 divinum,
279 2183 387 2244 neque
412 2184 486 2228 esse
513 2178 670 2240 creatum,
697 2168 758 2228 sed
778 2169 936 2228 abstrahit
960 2170 1000 2229 ah
1026 2174 1114 2229 uiro-

94 2265 165 2326 que
183 2268 190 2307 :
207 2248 378 2325 analogice
394 2253 519 2308 tantum
542 2248 583 2309 de
603 2254 745 2325 utroque
762 2248 888 2309 dicitur.
906 2250 990 2327 Ergo
1005 2252 1032 2309 si
1047 2249 1115 2309 hec

93 2328 174 2390 idea
191 2332 274 2390 ontis
289 2328 467 2389 haberetur
480 2334 517 2389 ut
532 2328 606 2388 idea
622 2329 694 2401 Dei,
710 2327 937 2389 Pantheismus
961 2328 1112 2390 admitte-

93 2414 200 2470 retur.

136 2490 289 2565 Denique
305 2490 336 2549 3⁰
350 2504 421 2547 cum
437 2488 506 2547 lraec
520 2486 597 2548 idea
613 2487 848 2547 determinatur
860 2486 901 2545 ad
913 2490 1113 2561 conceptum

94 2572 178 2631 entis
193 2586 214 2628 a
227 2586 270 2640 se,
287 2568 321 2628 id
336 2584 402 2628 non
417 2566 452 2627 fit
470 2568 639 2642 deuotione
661 2568 949 2635 determinationis:
973 2566 1033 2627 sed
1060 2583 1113 2627 eus

94 2649 289 2725 simpliciter
303 2665 343 2708 ex
358 2664 416 2706 sna
439 2648 617 2708 intrinseca
637 2650 722 2708 entis
742 2646 868 2707 ratione
887 2662 948 2723 per
967 2647 1109 2723 plenitu-

95 2727 367 2789 dinemuhsetuii
379 2743 442 2787 esse
457 2726 695 2789 determinatur
710 2725 753 2787 ad
766 2728 986 2787 omnimodam
999 2728 1110 2803 sinqu-

95 2808 274 2869 tarituteui.

137 2887 198 2962 Qui
214 2883 528 2965 igiturconiundnnt
538 2886 647 2946 ideam
663 2886 746 2945 entis
756 2884 1025 2947 universalissimi
1037 2899 1112 2947 cum

91 2967 171 3028 idea
198 2968 269 3040 Dei,
300 2966 507 3027 confundunt
535 2980 594 3025 ens
622 2964 762 3027 maxime
795 2966 996 3026 abstractum
1034 2978 1110 3025 curn

92 3048 236 3108 maxime
261 3051 427 3115 concreto,
449 3045 767 3106 universalissimum
793 3062 867 3105 cum
894 3045 1114 3107 essentialiter

92 3128 262 3206 singulari,
280 3124 569 3186 indeterminatum
586 3140 661 3184 cum
676 3140 807 3187 summe
832 3124 1059 3187 determinato.

133 3210 204 3270 361.
231 3241 269 3250 -
296 3212 370 3267 Cor.
399 3230 412 3258 ‹
440 3206 509 3264 llaec
533 3203 683 3266 doctrina
710 3205 910 3274 Giohertina‚
938 3209 972 3265 et
997 3204 1113 3265 similia

94 3292 274 3367 systemata
299 3287 434 3347 aliorum
460 3286 684 3355 recentiorum
709 3287 757 3362 (ll,
782 3285 932 3363 aot-300)
956 3282 1112 3345 habenda

93 3373 181 3440 suni,
200 3384 271 3445 quar
288 3367 339 3427 vel
358 3364 505 3441 pondere
530 3382 590 3425 suo
614 3365 658 3425 ad
681 3365 924 3426 Pantheismum
947 3363 1109 3434 feruntur,

94 3450 147 3508 vel
160 3451 194 3508 in
210 3449 271 3507 hoc
283 3448 354 3524 jam
368 3443 539 3507 infeliciter
549 3445 663 3521 jacent
688 3468 717 3519 ι,
742 3448 780 3507 ut
801 3446 910 3508 verbis
928 3442 1109 3507 doctissimi

95 3528 241 3607 theologi
264 3530 381 3589 nostrae
399 3524 500 3586 aetaiis
513 3529 598 3586 utar.
