2642 4209
458 221 572 280 154
1063 241 1427 283 unsvmmun
1468 239 1861 284 PfflLOSOPfflAE

442 353 761 428 proxima
783 351 868 413 ad
901 354 1256 415 essentiam
1294 371 1521 415 rerum
1562 353 2141 429 manifestandam;
2174 354 2451 431 phantas—

448 447 552 492 ma
626 434 803 493 enim
850 449 972 509 per
1019 436 1557 514 conjunctionem
1620 451 1778 496 cum
1824 435 2172 496 intellectu
2240 440 2453 511 agente

444 511 726 573 habilius
776 513 997 574 evadit
1047 516 1115 575 in
1172 514 1405 575 ordine
1467 515 1554 576 ad
1608 531 1808 590 supra
1862 514 2110 576 dictam
2163 511 2452 574 manifes-

446 592 783 661 tationem,
818 609 960 670 quae
1013 592 1248 654 dicitur
1291 594 1699 657 illuminatio,
1732 597 1796 656 2⁰
1835 593 2168 657 Abstrahit
2217 593 2456 670 species

442 671 920 751 intelligibiles,
974 689 1241 750 nempe,
1303 699 1329 727 ι
1379 673 1537 736 facit
1582 674 2041 754 phantasmata
2085 691 2123 735 a
2174 670 2456 736 sen'sihus

442 758 717 826 accepta
744 753 1177 831 intelligibilia
1233 757 1302 814 in
1352 762 1499 816 actu
1542 772 1665 834 per
1704 755 1979 816 modum
2027 755 2457 815 abstractionis

445 830 792 909 cujusdam
819 857 843 886 ιι
870 831 978 911 (l).

518 913 583 972 2⁰
612 913 854 972 Verum
882 915 1143 990 species
1169 913 1600 992 intelligibilis
1649 914 1886 976 diversi
1935 915 2203 993 generis
2251 918 2350 974 est
2386 928 2452 974 ac

441 990 923 1067 phantasmata,
956 991 1138 1053 unde
1168 993 1515 1057 abstractio
1543 995 1771 1056 haberi
1810 995 2044 1072 nequit
2069 999 2146 1054 ut
2173 991 2450 1070 quaedam

444 1069 706 1132 eductio
756 1087 904 1149 quae
931 1070 1124 1134 fieret
1159 1090 1276 1143 per
1319 1074 1788 1151 phantasmatis
1834 1076 2447 1135 transmutationem.

438 1149 834 1212 Abstrahere
865 1154 1040 1213 enim
1069 1153 1174 1215 hic
1202 1153 1383 1217 idem
1413 1161 1513 1216 est
1540 1171 1617 1215 ac
1651 1153 2070 1217 considerare
2102 1169 2225 1214 seu
2241 1152 2450 1214 videre

439 1229 508 1290 in
550 1231 1010 1306 phantasmate
1061 1234 1419 1294 essentiam
1460 1234 1558 1295 rei
1599 1233 1743 1295 sine
1790 1235 1938 1294 ullis
1987 1232 2452 1296 conditionibus

439 1309 726 1371 materiae
753 1311 883 1388 (a).
919 1314 1069 1373 Haec
1128 1315 1420 1390 operatio
1467 1314 1665 1375 etiam
1717 1314 2113 1375 illuminatio
2159 1313 2450 1389 phantas-

437 1392 629 1451 matis
652 1396 953 1462 vocatur3
987 1394 1209 1470 itaque
1255 1394 1634 1472 conjunctio
1659 1394 2133 1471 phantasmatis
2174 1409 2321 1452 cum
2358 1391 2445 1454 in-

437 1467 706 1530 tellectu
743 1476 843 1532 est
892 1472 1272 1534 illuminatio
1321 1473 1391 1534 in
1437 1480 1585 1535 acta
1624 1476 1864 1548 primo,
1917 1473 2075 1535 dum
2124 1472 2447 1534 abstractio

441 1553 541 1610 est
567 1549 952 1613 illuminatio
996 1553 1067 1612 in
1107 1561 1256 1614 actu
1281 1558 1581 1616 secundo,
1629 1555 1788 1616 Hinc
1831 1554 1895 1614 S.
1945 1554 2230 1615 Thomas
2277 1551 2448 1613 docte

441 1634 729 1706 animumn
777 1630 1257 1711 intelligibilem
1305 1649 1454 1694 esse
1502 1650 1541 1694 a
1586 1635 2041 1709 phantasmate
2100 1631 2449 1694 secundum

441 1722 629 1768 suurn
665 1727 812 1771 esse
842 1713 1203 1786 materiale,
1239 1719 1305 1775 et
1332 1715 1414 1775 ab
1444 1714 1786 1776 intellectu
1814 1717 2057 1791 agente
2098 1712 2446 1774 secundum

445 1806 589 1850 esse
621 1790 916 1865 surinale,
972 1791 1040 1852 id
1097 1799 1218 1866 est,
1277 1799 1352 1854 ut
1408 1798 1509 1856 est
1540 1793 1969 1873 intelligibilis
1996 1795 2067 1857 in
2096 1796 2253 1854 actu
2278 1790 2374 1871 (2).

501 1946 569 2006 ti]
605 1950 653 1994 τε..
693 1950 806 2008 ‘ri-1„
840 1946 886 2007 1,
916 1963 967 2012 q.
997 1947 1077 2009 79,
1105 1963 1154 1997 a.
1184 1947 1215 1997 3
1244 1949 1308 1998 ad
1336 1949 1383 1998 3.

505 2082 577 2134 [a]
609 2077 896 2129 abstractio
924 2079 1110 2144 duplex
1163 2079 1409 2146 distingui
1462 2082 1637 2133 debet:
1691 2082 1971 2132 naturalis
2026 2078 2223 2132 scilicet
2251 2086 2301 2130 et
2339 2082 2446 2143 for-

437 2139 597 2206 nia-fic,-
629 2142 713 2198 1³33.
745 2142 942 2191 Dicitur
977 2143 1224 2192 naturalis
1268 2144 1472 2208 quando
1516 2143 1857 2208 cognitionem
1903 2149 1954 2193 et
1988 2143 2308 2194 collationem
2349 2148 2447 2192 ter-

437 2214 689 2250 minorum
721 2218 822 2251 non
843 2205 1146 2269 expostulat.
1175 2207 1473 2271 Exemplum
1503 2205 1765 2254 desumere
1783 2221 2045 2270 possumus
2062 2221 2124 2255 ex
2144 2202 2444 2256 sensatione:

437 2262 533 2310 olla
573 2270 665 2316 tus,
697 2282 745 2314 τ.
777 2280 844 2336 g„
872 2265 929 2314 in
959 2265 1128 2331 aliquo
1157 2267 1325 2316 fructu
1355 2267 1562 2317 odorem
1587 2271 1788 2316 tantum
1815 2267 2044 2332 percipit,
2076 2265 2255 2328 colori,
2276 2267 2445 2331 sapori,

432 2326 553 2390 ΕῘ-Ει.
593 2326 649 2374 im
677 2346 685 2366 ι
713 2334 765 2374 el:-
782 2327 884 2394 ipsi
908 2327 1098 2378 fructui
1127 2344 1227 2378 non
1255 2331 1541 2379 attendens.
1571 2330 1652 2378 Ad
1681 2330 1776 2377 hoc
1804 2345 1964 2391 genus
1987 2329 2211 2395 pertinet
2237 2331 2445 2396 abstrac-

437 2394 505 2434 tio
533 2402 629 2446 qna
665 2390 944 2440 intellectus
971 2405 1128 2460 agens
1151 2390 1370 2455 speeiem
1404 2389 1774 2454 intelligibilem
1818 2391 2007 2453 educit,
2055 2407 2144 2441 seu
2186 2395 2443 2440 essentiam

437 2453 637 2558 cffn''¹'3[-¹'
653 2450 809 2522 2²³th
834 2457 1063 2503 materiae
1091 2453 1337 2518 exspoliat
1366 2468 1377 2502 :
1407 2455 1519 2504 haec
1538 2451 1673 2504 actio
1693 2451 1880 2502 dicitur
1905 2453 1959 2503 in
1988 2455 2160 2504 schola
2187 2453 2443 2503 abstractio

432 2526 533 2558 sim
557 2530 569 2558 ᾗ
601 2522 811 2562 usitatus.

509 2530 793 2642 ,iilum-:ictio
829 2580 906 2624 est
939 2576 1182 2636 formalis,
1238 2579 1442 2642 quando
1488 2593 1580 2643 per
1638 2577 1979 2649 cognitionem
2031 2582 2083 2627 et
2135 2577 2441 2627 collationem

432 2654 605 2686 tam-tm]
641 2638 816 2702 quihus
847 2637 1127 2698 subjectum
1152 2638 1359 2704 aliquod
1388 2646 1602 2698 constat,
1630 2639 1931 2704 quibusdam
1971 2644 2172 2689 tantum
2220 2639 2436 2695 attendit,

432 2702 545 2750 aliie
577 2698 905 2762 =·÷21=1’:t15(53).
923 2701 1045 2749 Haec
1069 2702 1346 2751 abstractio
1374 2703 1431 2752 fit
1455 2717 1548 2767 per
1572 2701 1780 2752 modum
1814 2702 2211 2764 compositionis
2235 2705 2287 2750 et
2312 2702 2439 2750 divi-

437 2766 545 2874 Ἔῃι
561 2766 617 2814 isa,
649 2766 796 2866 prout
817 2780 845 2807 «ι
873 2761 1203 2828 intelligimus
1232 2763 1426 2828 aliquid
1444 2779 1547 2814 non
1571 2779 1681 2814 esse
1706 2763 1763 2813 in
1780 2764 1900 2825 ali0,
1922 2764 2002 2813 vel
2027 2778 2137 2812 esse
2163 2765 2438 2829 separatum

432 2842 461 2874 a
525 2838 581 2870 ΕΟ
617 2830 701 2882 tkl.
745 2846 765 2866 ³-

493 2942 561 3002 [2]
597 2938 633 2986 l..
669 2955 717 3002 q.
749 2938 826 2999 34,
854 2938 904 2999 6,
933 2954 986 3004 q.
1010 2941 1107 3002 853
1138 2943 1203 2991 de
1238 2943 1427 3005 Veris,
1460 2958 1511 3008 q.
1543 2941 1617 3004 10,
1646 2942 1704 3004 63
1734 2948 1829 2992 etc.

489 3070 557 3130 {3}
593 3070 641 3118 S.
669 3074 761 3118 Th,
792 3069 837 3129 1,
869 3086 918 3135 q.
953 3073 1038 3133 83,
1071 3088 1102 3122 a
1132 3073 1186 3133 13
1222 3073 1298 3124 Cf.
1330 3079 1430 3126 art.
1459 3075 1507 3135 5,
1541 3075 1702 3141 ejusd.
1728 3081 1905 3142 quaest.

489 3134 677 3182 Euat-ezr.
733 3132 984 3197 duplicem
1034 3139 1236 3184 tantum
1289 3135 1559 3201 distinguit
1604 3137 1995 3189 abstractionem
2046 3154 2059 3190 :
2096 3140 2445 3189 universalem

428 3202 477 3242 nt
505 3194 794 3266 ,seruientem
820 3210 908 3245 seu
939 3197 1255 3260 praecisivam
1285 3210 1298 3246 ε
1331 3197 1519 3249 dicitur
1554 3200 1871 3262 universalis,
1901 3203 2103 3267 quando
2131 3202 2187 3250 in
2232 3203 2445 3266 potentia

428 3258 617 3306 clau-lit
649 3258 908 3307 interiora.
939 3257 1019 3320 (de
1048 3259 1220 3309 Anim.
1255 3259 1299 3320 1,
1329 3261 1378 3320 4,
1409 3278 1456 3310 c.
1484 3261 1515 3311 3
1536 3261 1659 3312 dub.
1685 3263 1717 3310 4
1744 3300 1755 3311 .

489 3318 781 3386 Atini-unere
805 3319 959 3370 etiam
986 3336 1088 3370 non
1116 3321 1337 3371 alienum
1373 3323 1472 3373 erit
1502 3322 1756 3389 triplicem
1792 3340 1823 3375 a
1851 3324 2173 3376 scholasticis
2215 3323 2448 3391 distingui

428 3394 784 3450 *praecisionem
813 3382 1131 3452 :physicam
1158 3382 1376 3445 scilicet,
1431 3385 1658 3449 loyicam
1700 3391 1753 3436 et
1796 3389 2233 3452 metaphys-icam.
2285 3388 2447 3439 Prima

428 3446 505 3490 est
533 3446 785 3510 apparatio
805 3447 966 3506 partis
991 3458 1022 3492 a
1048 3449 1211 3508 parte,
1239 3451 1298 3496 ut
1327 3461 1507 3496 manus
1533 3462 1564 3495 a
1592 3463 1823 3512 corpore.
1868 3450 2103 3500 Secunda
2146 3456 2227 3500 est
2272 3466 2445 3515 appre-

432 3505 605 3570 hensio
633 3502 856 3572 Quadam
882 3504 1031 3567 quasi
1059 3521 1089 3554 a
1115 3507 1280 3570 sejpso
1328 3507 1553 3558 distincti
1584 3522 1596 3558 ε
1627 3527 1676 3559 v.
1721 3525 1773 3574 g.
1819 3511 1979 3561 Filius
2006 3513 2181 3562 Beatae
2230 3512 2446 3578 Virginis

428 3562 609 3630 hilariae
637 3570 685 3610 et
714 3566 945 3633 'Christus
977 3566 1234 3633 ‘Dominus
1265 3583 1277 3617 :
1308 3568 1446 3619 inter
1486 3571 1843 3624 abstractionis
1887 3575 2115 3624 membra
2159 3573 2301 3638 viget
2344 3573 2442 3623 dis-

432 3626 609 3674 tinctio
647 3626 860 3674 rationis
892 3626 1242 3678 ratiocinantis
1271 3630 1420 3694 (391).
