2642 4209
227 251 287 315 108
534 271 713 314 111111111111111
734 269 935 313 antolianum-e

229 418 297 482 169.
321 453 360 462 -
381 421 487 480 Tussis
510 421 560 482 lV.
583 423 699 484 Sensus
720 421 864 481 internos
884 419 1002 482 tabent
1016 424 1118 494 potest
1139 424 1175 478 ut
1191 419 1243 478 bu·

267 502 311 560 sts
331 505 360 562 et
381 502 483 560 rodim
504 500 649 560 otiorum
670 516 830 583 sensuum.

267 645 441 704 Probatur.
464 645 634 722 Tanquam
657 651 807 704 centrum
821 643 1044 704 sensibilitatis
1058 641 1172 702 haberi
1188 658 1243 717 po·
1297 661 1299 705 1

229 727 293 785 test
318 740 357 788 ea
382 722 520 784 facultas
548 726 580 784 in
608 741 708 801 quam
735 722 904 785 confluunt
935 739 1052 785 omnes
1081 724 1240 782 sensatio-
1297 746 1298 787 t

227 818 303 875 ncs;
327 804 416 880 atqui
438 819 556 864 sensus
578 804 728 865 internus
750 820 866 864 omnes
888 805 1106 867 sensationes;
1123 801 1241 878 quibus
1297 804 1298 869 ἒ

227 881 366 943 allicitur
388 883 574 960 subjectum
597 885 755 956 sentiens,
780 883 949 960 experitur
970 888 1003 942 et
1022 879 1135 942 refert.
1156 883 1240 958 Ergo
1297 928 1298 953 p

228 978 346 1022 sensus
377 964 523 1036 interior,
556 969 593 1024 ut
622 966 665 1024 ait
693 964 723 1023 S.
756 965 908 1033 Thomas,
944 986 956 1014 ι
985 967 1038 1022 est
1059 961 1240 1022 communis
1297 984 1298 991 ¹

226 1043 320 1102 radix
343 1047 376 1101 ct
399 1043 592 1120 principium
615 1044 814 1104 exteriorum
837 1058 1005 1103 sensuum.
1034 1068 1047 1094 »
1072 1041 1173 1118 Igitur
1195 1042 1240 1100 vis

226 1122 403 1192 sentiendi,
436 1137 511 1199 quae
547 1123 581 1182 in
617 1123 929 1200 singula-sensoria
960 1120 1164 1192 diffunditur,
1199 1122 1239 1181 ad

226 1218 361 1262 sensum
383 1201 549 1262 internum
572 1205 773 1275 terminatur,
808 1203 863 1279 qui
895 1217 1011 1262 omnes
1038 1202 1237 1261 immutatio-

225 1297 286 1342 nes
308 1297 508 1359 organorum
529 1284 736 1360 singulorum
756 1279 869 1341 refert.

268 1363 334 1422 170.
359 1395 396 1403 -
421 1361 654 1422 corollarium.
680 1363 759 1422 llinc
781 1377 943 1439 organum
971 1360 1072 1438 huJus
1098 1357 1235 1420 faculta-
1298 1304 1300 1419 i

224 1441 276 1512 tie,
300 1457 375 1518 quae
398 1440 441 1500 ita
463 1442 495 1500 in
518 1443 627 1502 omnia
648 1440 797 1502 sensoria
820 1439 1025 1510 diffunditur,
1048 1444 1107 1499 aut
1120 1440 1236 1500 saltem
1298 1422 1300 1513 i

224 1535 300 1581 oum
321 1522 359 1580 iis
383 1523 613 1594 communicat,
636 1537 704 1582 non
725 1524 834 1598 potest
856 1535 930 1581 esse
952 1520 1013 1580 nisi
1036 1523 1143 1579 totum
1164 1535 1235 1599 sys·
1298 1518 1299 1599 ξ

226 1605 315 1662 tema
333 1616 504 1661 nerveum.
1298 1654 1299 1667 ,

265 1682 333 1742 171.
358 1714 396 1722 -
417 1682 448 1740 2⁰
469 1684 516 1740 De
536 1681 778 1754 imopz’uotione.
812 1680 959 1758 Quisque
991 1678 1053 1738 sibi
1086 1677 1235 1738 conscius
1298 1672 1299 1689 ¹

224 1763 275 1818 est
297 1777 332 1818 sc
354 1775 420 1821 non
444 1757 542 1819 inodo
565 1762 705 1838 experiri
727 1765 911 1836 praesentes
933 1775 1009 1819 suas
1030 1758 1233 1827 affectiones,
1298 1760 1299 1811 i

223 1837 285 1898 sed
307 1839 405 1898 etiam
428 1838 563 1900 easdem
586 1846 660 1916 post
682 1840 875 1900 diuturnum
895 1848 1026 1915 tempus
1038 1839 1233 1909 instaurare,

222 1922 260 1977 ut
281 1925 465 1994 praesentes
486 1921 649 1996 relegere,
674 1925 773 1996 atque
789 1922 877 1980 varie
895 1935 1094 1996 componere
1110 1934 1232 1995 posse:

221 2014 253 2058 v.
278 2016 324 2074 g.‚
348 1999 517 2077 imaginari
540 2015 675 2074 possum
706 1998 882 2061 aedificium
914 1997 1003 2076 quod
1034 1998 1111 2067 vidi,
1148 1995 1234 2058 dolo-

221 2093 294 2137 rem
316 2085 371 2138 aut
392 2079 552 2155 gaudium
574 2078 663 2156 quod
685 2080 763 2139 olim
786 2083 944 2155 expertus
975 2094 1063 2150 sum;
1099 2092 1233 2153 possum

223 2157 320 2217 etiam
345 2157 502 2237 effingere
526 2159 725 2230 oliimaeram,
749 2164 897 2220 montem
918 2174 1066 2231 aureum,
1090 2161 1157 2218 eto.
1177 2158 1233 2218 'Est
1299 2198 1301 2217 .

219 2237 321 2316 igitur
337 2239 369 2298 in
389 2240 522 2300 litamine
543 2240 643 2300 virtus
657 2237 901 2315 reproducendi
916 2239 1124 2298 sensationes
1139 2241 1232 2298 antea
1299 2248 1301 2313 4

219 2315 359 2386 habitas,
377 2334 500 2396 easque
522 2320 617 2380 variis
636 2318 743 2378 modis
760 2317 926 2379 dividendi
947 2323 979 2378 et
1002 2315 1229 2392 componendi.
1299 2318 1300 2345 l

221 2398 292 2458 Haec
314 2395 452 2458 facultas
474 2401 667 2473 t'naopinotto
687 2415 748 2458 seu
772 2399 948 2473 phantasia
969 2398 1155 2475 appellatur
1179 2394 1230 2474 (l),
1299 2424 1300 2429 1

222 2475 300 2536 dum
316 2478 477 2556 imagines
494 2494 575 2556 quas
590 2477 727 2556 effingit,
743 2479 975 2553 plamatosototu
989 2480 1230 2552 nuncupantur.
1299 2484 1300 2505 ³

259 2558 380 2617 Verum
402 2561 550 2620 nonnulli
572 2564 726 2619 auctores
748 2573 807 2634 per
820 2558 1030 2632 phantasiam
1045 2557 1232 2633 intelligunt
1299 2580 1300 2583 ¹

221 2651 294 2694 eam
325 2636 527 2710 facultatem,
561 2655 631 2716 qua
659 2654 700 2697 ex
735 2639 901 2713 perceptis
935 2637 1113 2713 speciebus
1147 2639 1230 2697 varia

219 2712 339 2775 format
360 2719 535 2778 simulacra
566 2717 711 2778 uniendo
744 2720 801 2776 aut
833 2715 1009 2777 dividendo
1034 2717 1164 2792 species
1185 2715 1229 2774 rei

218 2809 279 2869 per
313 2812 431 2856 sensus
468 2803 620 2858 externos
657 2798 894 2873 apprehensas
933 2795 1011 2857 dum
1046 2796 1229 2871 tmoptnotio

218 2889 358 2935 munere
382 2875 541 2938 duntaxat
560 2877 758 2954 iungeretur
788 2875 993 2953 percipiendi
1019 2877 1153 2955 objecta
1173 2875 1227 2935 ab·

216 2955 333 3025 sentia,
359 2961 392 3015 et
415 2961 507 3034 quasi
529 2957 708 3033 praesentia
729 2955 1005 3033 repraesentandi.

254 3035 473 3110 Reproductio
505 3039 773 3114 phantasmatum
803 3036 836 3096 in
867 3036 1000 3096 homine
1029 3033 1228 3111 quandoque

217 3117 269 3172 est
289 3117 461 3184 coturnus,
487 3117 686 3194 quandoque
718 3117 865 3190 quaesito,
899 3121 935 3174 ut
955 3131 1071 3176 omnes
1093 3130 1153 3190 per
1175 3129 1227 3173 ex-

215 3195 410 3267 perientiam
433 3201 596 3272 propriam
617 3199 750 3256 norunt.
775 3197 840 3256 Hoc
872 3193 993 3272 duplici
1027 3193 1128 3254 modo
1162 3191 1229 3254 fieri

217 3272 316 3332 etiam
339 3279 448 3349 potest
471 3276 661 3353 compositio
693 3280 750 3334 aut
783 3274 896 3336 divisio
928 3275 1227 3350 phantasmatum:

212 3347 248 3410 fit
270 3359 387 3429 sponte
412 3356 443 3414 in
465 3355 611 3424 somniis,
635 3355 670 3413 in
692 3353 820 3425 delirio,
849 3352 910 3414 sed
934 3356 1099 3431 dirigente
1132 3353 1225 3413 intel-

211 3430 301 3491 lectu
324 3438 357 3492 et
378 3434 559 3508 imperante
582 3435 752 3494 voluntate
783 3434 815 3492 iu
847 3435 1007 3509 operibus·
1027 3438 1097 3492 arte
1120 3430 1223 3492 iactis.

213 3509 293 3568 Hinc
316 3513 449 3587 quando
471 3514 604 3576 rationis
622 3513 745 3590 jugum
775 3512 908 3588 penitus
939 3515 1063 3574 excutit
1084 3512 1221 3588 phanta-

245 3650 280 3715 (1)
301 3654 331 3704 e.
348 3653 407 3712 an,
424 3655 475 3716 11».
493 3669 521 3716 q.
538 3655 578 3717 u,
593 3671 619 3707 a.
637 3657 666 3716 1;
681 3658 712 3705 ee
727 3657 838 3715 nnuma,
855 3671 879 3704 a.
898 3656 935 3705 13.
