2642 4209
201 199 257 260 102
502 218 681 264 nuavmuum
701 221 904 266 rffltosopfflAE

242 333 299 393 157
314 333 524 396 tte-seta.
542 339 662 400 verum
678 339 720 400 ad
743 337 918 398 discrimen
932 337 1018 396 inter
1038 337 1218 420 utramque

200 415 398 473 senitentiam
408 415 497 490 quod
508 418 633 492 attinet,
647 419 729 480 illud
738 418 866 480 videtur
876 417 985 492 potius
994 415 1028 474 in
1039 415 1158 472 natura
1171 426 1218 470 m·

199 492 276 552 tima
300 491 516 555 distinctionis
539 491 648 573 realis,
666 516 765 576 quam
786 499 818 557 in
832 495 1047 558 affirmatione
1063 497 1096 552 ct
1109 506 1219 569 nega-

202 571 292 632 tione
303 572 401 650 hujus
415 573 629 640 distinctionis
645 601 651 640 :
669 579 794 641 Etenim
808 579 837 636 1ο
856 578 1011 645 scotistae‚
1029 573 1084 649 qui
1095 571 1219 632 admit-

202 655 277 712 tunt
308 657 434 712 tantum
470 655 712 721 distinctionem
747 657 929 727 formalem,
967 653 1219 714 fatenturhanc

203 729 447 793 distinctionem
461 735 585 798 trabere
598 741 847 814 fundamentum
861 739 894 796 tn
906 752 953 809 re,
978 748 1011 794 et
1032 735 1221 810 agnoscunt

202 810 277 886 plus
300 827 396 888 quam
413 813 656 880 distinctionem
671 819 804 879 rationis
823 817 1035 883 ratiocinatae;
1051 829 1091 872 ex
1110 812 1220 871 altera

185 893 297 966 „parte
319 893 351 951 2⁰
374 894 429 970 qui
450 903 663 975 propugnant
690 898 934 961 distinctionem
965 894 1101 962 realem,
1134 905 1218 950 oon-

205 968 340 1043 cedunt,
363 973 481 1036 saltem
502 979 665 1054 plerique,
693 979 876 1038 absolutam
903 971 1220 1048 inseparabilitatem

205 1049 320 1111 animae
355 1057 552 1129 apotentiis
586 1057 640 1138 (l),
675 1063 709 1118 et
745 1055 883 1134 proinde
918 1055 1071 1133 rejiciunt
1098 1049 1221 1110 distin-

207 1131 350 1190 ctionem
371 1135 496 1194 realem
518 1138 691 1215 maiorem.
716 1140 830 1214 ltaque
853 1139 919 1196 tota
952 1132 1085 1210 quaestio
1114 1129 1220 1190 redu·

207 1211 293 1270 citur
314 1209 356 1269 ad
376 1211 525 1276 indolem
548 1216 765 1278 distinctionis
795 1216 924 1276 realis:
962 1229 1059 1290 porro
1089 1211 1124 1269 in
1154 1211 1220 1270 hac

205 1287 317 1428 isodole
334 1293 529 1368 explicanda
543 1314 610 1358 non
633 1300 843 1360 consentiunt
853 1296 940 1356 inter
953 1311 990 1354 se
1002 1291 1177 1352 lliomistae
1189 1294 1222 1349 et

231 1369 361 1430 cotistae.

250 1450 317 1510 158.
342 1485 379 1493 -
402 1457 446 1513 De
461 1456 660 1518 distinctione
678 1457 902 1533 potentiarum
916 1457 1000 1515 tuter
1018 1469 1061 1512 se.
1085 1453 1135 1512 lix
1156 1449 1218 1522 his,

208 1543 279 1604 quoe
300 1530 398 1592 modo
424 1531 672 1610 disputavimus,
693 1535 790 1598 facile
813 1540 939 1595 constat
954 1531 1120 1610 potentias
1134 1531 1222 1590 inter

207 1622 243 1666 se
266 1611 398 1671 realiter
428 1613 594 1694 distingui,
615 1617 710 1694 ¹iunta
732 1616 931 1678 sententiam
966 1611 1218 1687 Tiromistarum.

207 1685 341 1756 Verum,
361 1692 457 1769 Juxta
480 1695 646 1767 Scotistas
675 1723 687 1750 α
713 1695 832 1757 eodem
852 1694 953 1755 modo
982 1710 1046 1770 quo
1069 1691 1221 1767 potentiae

208 1763 456 1848 distinguuntur
476 1775 517 1835 ab
539 1780 659 1847 anima,
685 1777 932 1854 distinguuntur
943 1775 1029 1833 inter
1050 1786 1086 1830 se
1113 1796 1127 1824 ι
1159 1768 1218 1849 (2);

205 1845 374 1998 {taquelin
397 1869 512 1914 eorum
534 1848 709 1928 sententia,
734 1857 898 1923 distinctio
913 1855 981 1916 hec
1006 1855 1095 1913 esset
1120 1850 1220 1912 etiam

224 1941 318 1988 orata
332 1947 369 1991 ts,

206 2061 325 2122 Tarsis,
351 2069 592 2130 interdicerem
607 2072 712 2130 aalma·
721 2071 880 2145 potentias
893 2065 1105 2128 uerisimilius
1121 2066 1219 2125 datur

249 2143 408 2205 distinctio
429 2149 542 2212 realis,

248 2271 342 2330 Prot).
364 2271 491 2345 Anima,
514 2274 604 2335 utin
627 2273 778 2335 confesso
802 2278 853 2334 est
874 2271 964 2349 apud
999 2286 1129 2343 omnes,
1164 2283 1220 2328 ac-

210 2351 317 2410 tiones
338 2352 450 2426 speoie
472 2358 529 2414 aut
551 2369 675 2432 genere
699 2355 844 2416 diversas
867 2355 1015 2421 exercet;
1039 2367 1071 2411 v.
1096 2367 1129 2428 g.
1165 2366 1219 2440 auc·
1285 2366 1287 2435 ζ

209 2429 316 2489 tiones
339 2433 499 2494 sensitiva
521 2437 631 2511 specie
649 2439 737 2496 certo
761 2433 916 2494 differunt
937 2432 978 2492 ab
999 2429 1217 2490 intellectivis.
1285 2446 1287 2513 ξ

209 2511 308 2586 Atqui
331 2527 370 2571 ea
392 2528 462 2588 quae
483 2515 595 2589 specie
617 2520 674 2574 aut
694 2531 819 2593 genere
852 2513 1017 2579 differunt,
1052 2510 1094 2570 ah
1124 2511 1218 2569 unico
1285 2524 1287 2591 ᾗ

209 2590 359 2664 proximo
392 2592 552 2668 principio
585 2593 754 2656 dimanare
781 2597 963 2671 nequeunt.
989 2594 1074 2668 Ergo
1105 2594 1220 2666 poten·
1285 2606 1287 2641 ι

210 2669 259 2808 ῒὰἰφ
290 2685 352 2729 seu
381 2671 542 2749 principia
580 2677 731 2750 proxima
776 2676 892 2735 harum
937 2673 1102 2763 actionum
1145 2672 1219 2728 sunt
1285 2698 1287 2773 i

234 2763 357 2810 iversae.

250 2831 456 2904 Motorprob.
484 2856 497 2886 t
520 2833 690 2905 Potentia.
703 2839 740 2895 ut
761 2835 805 2894 ait
820 2834 851 2894 S.
874 2833 1025 2902 Thomas
1050 2829 1219 2890 adactum

212 2905 340 2978 dicitur,
356 2910 646 2974 unde-secundum
662 2914 887 2976 diversitatem
902 2911 1069 2973 actionum
1090 2910 1218 2998 oportet
1285 2972 1287 2997 ἰ

211 3004 286 3049 esse
310 2989 527 3055 diversitatem
565 2995 821 3070 potentiarum»
853 2990 907 3070 (3),
927 2992 1022 3069 juxta
1045 2987 1155 3048 tritum
1183 3002 1217 3045 m
1285 3060 1287 3081 Ι

210 3069 330 3131 scholis
347 3071 482 3132 effatum
498 3093 504 3134 :
523 3073 614 3134 ldem
630 3072 815 3143 secundum
828 3073 930 3143 idem,
954 3087 1022 3130 non
1045 3073 1096 3130 est
1107 3071 1216 3128 natum

209 3145 320 3210 facere
341 3151 404 3210 nisi
419 3153 519 3213 idem.
536 3155 620 3231 Ergo
633 3153 803 3215 diversitas
817 3152 916 3213 realis
932 3165 1006 3226 ouae
1022 3149 1110 3209 inter
1122 3149 1216 3208 actio·
1285 3214 1287 3221 ,

209 3244 271 3290 nes
319 3231 543 3306 potentiarum
577 3233 765 3305 intercedit,
816 3232 1042 3295 diversitatem
1097 3228 1216 3288 realem

211 3310 406 3372 earumdem
427 3315 650 3390 potentiarum
672 3314 791 3391 arguit.

243 3441 276 3504 (l)
291 3442 394 3500 Sumen,
409 3443 499 3494 Anim.
516 3445 549 3504 11,
562 3459 587 3494 c.
605 3446 626 3504 1,
640 3461 670 3494 n.
683 3444 707 3502 6,
721 3443 745 3492 7.

242 3531 276 3594 (2)
290 3529 410 3591 Peneius,
424 3531 491 3580 Phil.
509 3533 541 3580 ad
556 3537 667 3582 montem
681 3531 760 3592 Saoti,
774 3533 813 3580 De
823 3528 1007 3592 aalma,’disp.
1025 3530 1046 3577 l.
1060 3543 1086 3591 q.
1100 3542 1137 3576 tx.

243 3618 278 3682 (3)
293 3619 315 3680 1.
329 3633 365 3682 n,
380 3633 404 3682 v·
415 3620 439 3680 8.
455 3633 478 3666 a·
494 3618 521 3670 2-
