2642 4209
260 263 457 310 urrirnrsrcs
478 260 636 308 SPltcltLlS.
652 278 692 288 —
705 261 922 306 rsrcuouoou.
1045 245 1102 308 143

93 377 169 439 Cum
182 376 253 438 haec
265 377 392 438 somnia
406 381 547 439 maxima
561 379 592 440 vi
607 375 772 449 fruuntur,
788 380 890 454 atque
905 392 964 453 pro
989 383 1098 456 syste-

90 459 181 518 matis
205 457 319 518 nervei
352 461 538 520 intentione
572 473 692 534 corpus
734 460 768 517 et
809 459 956 516 animum
991 456 1100 520 'vivide

90 537 217 608 feriunt,
242 537 321 616 quin
345 541 456 598 tamen
476 551 630 597 somnum
651 538 790 615 pellant,
817 543 1004 614 exsurgunt
1027 538 1100 600 haec

90 617 242 678 mirabilia
258 622 292 678 et
312 615 489 695 aliquando
509 615 675 695 stupenda
697 617 982 677 somnumbuttsmc'
998 616 1097 679 facta.

130 700 157 758 l⁰
180 697 304 758 Omnes
334 701 422 758 enim
458 696 566 758 sciunt
591 698 761 759 hominem
794 711 910 758 somno
949 695 1099 760 deditum

91 775 285 854 quandoque
299 774 387 837 foras
402 777 572 838 ambulare
589 782 622 838 et
643 777 704 837 alia
722 776 812 837 iacta
826 791 1002 854 peragere,
1022 793 1098 856 quae

90 857 127 916 ad
140 857 203 918 vim
222 859 395 918 moirieem
419 858 597 933 pertinent.
625 859 692 917 lmo
705 855 884 932 aliquando
899 857 973 916 haec
988 863 1099 919 omnia

90 935 269 1076 eilicliuntur
284 952 359 997 cum
374 937 492 998 eadem
508 941 542 998 et
556 935 672 1014 majori
686 934 892 1012 perfectione
907 939 995 996 acin
1010 942 1098 999 statu

87 1034 114 1078 u
138 1031 211 1077 llae.

116 1031 151 1155 g2⁰
171 1096 417 1172 Nonnunquam
441 1096 475 1156 ln
498 1095 635 1174 alicujus
659 1094 806 1155 scientiae
820 1093 875 1155 vel
890 1094 967 1155 artis
991 1112 1093 1172 opera
1120 1088 1127 1109 ⁸

87 1175 178 1236 etiam
207 1175 413 1249 incumbunt,
440 1189 516 1253 quae
551 1190 714 1252 peragere
741 1175 854 1234 valent
882 1189 980 1251 aeque
1000 1191 1038 1234 ac
1059 1179 1093 1236 in

86 1259 164 1315 statu
185 1255 306 1333 vigiliae
327 1273 333 1314 :
351 1253 396 1316 sic
418 1255 577 1328 scribunt,
594 1257 722 1333 legunt.
734 1249 939 1314 Difficiliores
953 1254 1092 1333 alicujus

86 1335 223 1394 scientiae
250 1337 464 1412 quaestiones,
488 1352 569 1413 quas
591 1336 624 1396 in
645 1339 734 1395 statu
753 1333 873 1413 vigiliae
897 1335 1091 1412 neutiquam

84 1414 315 1492 intelligebant,
334 1413 509 1491 aliquando
526 1415 730 1492 persolvunt.

117 1495 280 1555 Praeterea
298 1496 329 1556 3⁰
353 1495 571 1556 somnamhuli
585 1495 619 1554 in
635 1493 780 1555 tenebris
800 1492 872 1555 loca
898 1494 1091 1571 ingentibus

86 1573 279 1634 circumdata
292 1575 446 1650 periculis
469 1574 540 1636 sine
561 1575 744 1636 offensione
767 1578 981 1649 percurrunt;
1009 1575 1089 1651 quin

85 1656 173 1714 ctiam
193 1671 306 1732 opera,
332 1669 406 1732 quae
422 1655 597 1715 maximam
613 1652 822 1731 expostulant
837 1651 1040 1730 diligentiam
1056 1659 1089 1714 et

82 1735 206 1795 luminis
220 1734 388 1801 auxilium,
411 1750 442 1794 v.
464 1751 511 1812 g,
530 1751 614 1812 opus
629 1739 699 1794 arte
713 1731 849 1804 factum,
864 1733 1037 1808 picturam,
1052 1735 1087 1794 in

84 1814 219 1875 tenebris
242 1821 275 1874 et
289 1815 392 1875 oculis
407 1815 525 1875 clausis
540 1815 708 1892 aptissime
721 1810 906 1889 perficiunt.

115 1895 144 1953 4⁴³
166 1895 200 1953 ln
223 1895 513 1955 somnambulismo
538 1895 679 1956 naturali
695 1889 896 1954 eademfere
911 1891 1086 1970 reperiun-

84 1978 127 2033 tur
140 1973 361 2049 phaenomena
376 1991 474 2052 quam
495 1976 658 2036 insomne
675 1973 875 2050 magnetico.

115 2053 182 2114 239.
213 2087 251 2096 —
281 2055 317 2114 ll.
341 2057 509 2116 Factorum
530 2053 716 2130 explicatio,
746 2052 781 2113 ld
802 2049 893 2128 quod
913 2048 1028 2112 attinet
1042 2053 1085 2113 ad

81 2133 302 2209 phantasmata
337 2132 579 2212 imaginationis
608 2134 643 2194 in
672 2136 760 2193 statu
788 2131 915 2208 rigidae,
945 2137 1085 2205 possunt

83 2212 185 2291 effingi
207 2213 363 2290 quaedam
377 2214 581 2292 hypotheses
603 2210 750 2278 adtacta
772 2210 968 2288 explicanda
989 2209 1042 2290 (l).

119 2296 144 2352 l⁰
169 2293 217 2353 Ad
243 2295 511 2371 phantasmatum
545 2292 839 2370 reproductionem
871 2290 1084 2367 probabiliter

80 2373 245 2448 requiritur
276 2378 384 2434 motus
418 2372 509 2433 fluidi
537 2376 651 2435 nervei
677 2374 712 2433 in
741 2370 876 2431 cerebro
898 2370 1081 2431 inchoatus.

80 2452 122 2529 (ll,
150 2453 214 2524 129,
240 2451 323 2529 164.)
346 2453 524 2514 Gerebrum
553 2454 640 2514 enim
664 2451 850 2530 generatim
871 2450 1012 2510 habetur
1047 2455 1084 2512 ut

80 2547 231 2609 organum
252 2532 505 2610 imaginationis.
523 2532 620 2594 Porro
638 2547 714 2592 cum
729 2531 914 2602 cerebrum,
931 2533 968 2589 ut
989 2546 1082 2591 cons-

80 2614 120 2672 tat
133 2627 172 2672 ex
193 2614 401 2691 physiologia
416 2616 449 2674 et
463 2613 636 2683 anatomia,
649 2614 691 2672 sit
706 2614 855 2671 centrum
870 2609 965 2670 totius
977 2615 1082 2688 syste-

79 2692 163 2752 matis
177 2695 302 2765 nervat,
317 2692 407 2770 quod
423 2696 511 2753 certo
523 2691 649 2770 aliquid
664 2688 792 2751 confert
806 2690 848 2750 ad
860 2691 1079 2764 sensationes,

79 2769 109 2830 lit
121 2776 156 2831 ut
176 2773 275 2851 hujus
288 2773 403 2850 organi
417 2773 612 2846 immutatio,
629 2772 698 2833 sive
710 2771 751 2830 ab
762 2771 939 2831 intrinseco
955 2770 1024 2830 sive
1038 2771 1080 2831 ah

81 2854 254 2913 extrinseco
281 2851 509 2924 determinata,
542 2851 645 2930 possit
672 2853 901 2928 phantasmata
937 2853 1080 2912 excitare

80 2945 145 3007 quae
167 2932 318 2993 ordinem
342 2933 452 2994 dicant
473 2933 513 2993 ad
535 2932 665 2993 diversa
682 2933 840 2992 sensoria.
860 2930 1081 3003 Quamobrem

78 3011 215 3074 morbida
251 3016 308 3072 aut
337 3013 415 3073 laeta
449 3012 594 3089 corporis
627 3010 797 3087 dispositio
831 3025 892 3087 per
933 3015 1079 3089 systema

77 3105 226 3152 nerveum
260 3092 466 3169 phantasiam
502 3092 631 3154 diverse
661 3091 836 3150 immutare
871 3093 982 3165 potest
1019 3107 1078 3167 pro

78 3171 256 3233 diversitate
273 3188 473 3250 organorum
490 3189 559 3251 quae
573 3170 690 3232 morbo
707 3170 937 3246 corripiuntur.

110 3254 140 3312 2⁰
153 3252 262 3313 Potest
279 3253 377 3314 eliam
399 3251 527 3313 admitti
547 3253 581 3325 in
594 3249 760 3312 sentiente
775 3248 924 3327 quaedam
941 3249 1078 3326 disposi-

77 3331 114 3392 tio
127 3331 168 3392 ad
189 3333 297 3393 taliter
310 3331 521 3392 sentiendum
530 3331 644 3392 relicta
656 3347 676 3390 a
691 3328 1077 3399 diversisaffectlonibus.

77 3409 251 3473 hicetenim
266 3414 408 3472 sensatio
431 3415 506 3473 actu
526 3427 594 3472 non
615 3413 757 3481 maneat,
778 3413 887 3470 tamen
907 3425 1078 3470 remanere

76 3497 203 3564 possunt
232 3492 386 3570 quaedam
410 3495 552 3568 species,
575 3505 656 3568 quas
683 3505 794 3550 seusus
813 3495 992 3554 communis
1017 3504 1079 3566 per
1159 3505 1160 3509 ¹

102 3667 132 3730 tlt
144 3669 175 3720 R.
190 3669 225 3721 P.
241 3666 391 3733 Tongiorgi‚
404 3667 511 3732 Psyra,
525 3667 543 3716 l.
559 3667 603 3729 111,
618 3681 640 3716 e.
656 3679 694 3715 ιν.
