2642 4209
427 321 517 364 iuuax
538 319 734 365 smannens,
1043 299 1104 361 273

77 431 244 499 particulas
254 431 437 489 divinitatis:
449 434 519 490 inde
528 437 629 490 manat
637 433 842 504 pantheismus
855 450 862 487 :
874 432 1010 488 substan·

77 503 123 557 tia
137 502 239 560 divina
252 503 287 559 fit
301 504 457 561 divisibilis
471 509 502 559 et
516 506 689 576 composita,
706 506 775 574 etc,
792 519 858 574 quac
873 506 919 559 tot
942 503 1012 557 sunt

52 584 58 593 ’
76 572 227 629 illationes
241 576 388 631 absurdae.
397 576 607 631 2⁰Traduciani
615 577 723 646 putant
732 576 1007 643 animamaparen-

76 642 162 700 tibus
174 660 230 715 per
243 646 500 702 transductionem
513 646 581 701 tiliis
595 646 674 702 tradi
689 675 723 687 -
737 646 802 701 sive
823 658 1007 714 excerpere,

76 714 144 771 sive
158 730 195 771 ex
209 718 307 773 anima
322 717 410 773 :inde
423 720 656 788 consequeretur
669 719 735 772 tum
748 731 785 771 ex
800 729 926 787 corpore
940 712 1008 769 fieri

77 785 277 843 substantiam
297 788 491 859 spiritualem,
506 792 572 844 tum
586 789 715 843 animam
733 801 799 841 esse
814 782 1003 843 divisibilem.
1067 808 1069 815 >

74 858 155 927 ltrgo
181 858 257 914 falsa
274 858 338 915 haec
356 860 495 930 opinatio.
525 860 556 914 3⁰
578 858 823 914 Generatlssimus
846 856 999 913 contendit
1063 922 1068 929 .

75 928 208 985 animam
222 931 425 1000 aparentibus
438 931 540 987 creari
556 951 564 984 :
579 932 643 985 Jam
657 930 785 984 diximus
799 932 891 985 Deum
909 927 1006 983 solum

74 1011 165 1067 posse
179 1015 283 1055 creare
296 1001 426 1072 aliquod.
441 1003 471 1057 4⁰
494 1004 583 1056 Juxta
601 1000 733 1055 Rosmini
749 1000 926 1069 producitur
949 1013 1006 1068 per

71 1073 216 1137 parentes
229 1072 326 1127 anima
340 1073 490 1129 sensitiva
505 1087 571 1142 quae
583 1071 617 1127 fit
631 1070 824 1126 intellectiva
858 1086 892 1127 er
905 1071 1003 1125 mani·

73 1139 263 1197 testationem
278 1142 360 1199 ldeaa
373 1143 470 1201 Entis
486 1163 493 1198 .·
509 1146 551 1199 lix
564 1143 638 1198 falso
653 1145 814 1211 systemate
852 1144 904 1199 uit.

110 1214 231 1269 Tnnsls.
257 1214 284 1268 V
285 1230 338 1269 era
353 1214 512 1271 sententia
525 1215 610 1269 circa
624 1213 730 1269 enimi
746 1212 877 1269 burnani
896 1212 999 1283 oripi-

71 1295 145 1336 nem
160 1298 196 1339 ea
209 1289 254 1340 est
265 1300 333 1356 pnae
343 1285 432 1342 docet
441 1286 591 1341 animum
600 1302 619 1339 a
629 1284 693 1339 Deo
702 1282 768 1339 solo
779 1286 891 1341 creari.
903 1285 996 1341 Prcb.

71 1353 198 1409 Animus
216 1368 254 1411 ex
271 1358 404 1427 subjecto
422 1356 598 1427 praejacente
616 1354 704 1410 educi
721 1356 835 1425 nequit.
855 1359 934 1427 Ergo
953 1370 1001 1411 re·

70 1426 174 1479 manet
193 1430 225 1482 ut
239 1440 256 1481 a
270 1429 329 1483 Deo
342 1430 470 1483 creetur.
923 1444 925 1450 ·

107 1497 140 1550 ll.
162 1496 208 1552 De
232 1502 373 1569 tempore
394 1498 598 1569 formationis
621 1498 816 1553 animarum.
844 1501 968 1560 Errores
992 1525 999 1561 :

70 1567 161 1622 Juxta
189 1571 390 1641 Academicos,
417 1570 504 1624 initio
531 1573 701 1638 temporum
732 1572 854 1625 cunctas
884 1573 998 1631 animas

70 1639 151 1692 Deus
166 1641 255 1696 simul
272 1642 397 1711 creavit,
412 1656 486 1710 quas
499 1644 612 1712 postea,
628 1638 665 1693 ob
680 1638 827 1708 quoddam
842 1643 947 1710 scelus,
964 1648 996 1702 in

70 1710 247 1778 corporibus
259 1712 399 1767 cohibuit.
413 1715 482 1767 Haec
490 1712 589 1782 opinio
599 1713 645 1764 est
654 1712 784 1779 gratuita
795 1714 825 1765 et
836 1712 918 1784 l'alsa,
931 1732 1001 1787 qua·

70 1782 162 1835 tenus
176 1782 275 1838 reddit
286 1784 472 1852 junctionem
486 1781 697 1837 accidentalem
711 1783 743 1835 et
756 1782 927 1857 violentam,
940 1792 997 1844 etc.

68 1854 100 1905 2⁰
116 1853 209 1907 Docet
223 1854 404 1910 Leihnitzius
419 1854 542 1922 animae,
558 1852 643 1907 initio
657 1853 801 1922 temporis
811 1868 828 1907 a
839 1856 897 1909 Deo
913 1859 1001 1914 simul

68 1922 217 1991 conditas,
242 1924 391 1995 organicis
412 1924 515 1979 affixas
534 1924 626 1979 fuisse
644 1923 836 1995 corpusculis,
853 1939 919 1994 quae
935 1943 1000 1985 sese

68 1992 237 2049 evolvendo
251 2009 376 2066 corpora
391 1993 537 2065 completa
550 1995 751 2049 efformarent.
769 1996 837 2049 Haec
852 2002 1002 2057 sententia
1035 2000 1040 2011 '

67 2078 175 2120 omnes
185 2066 384 2122 absurditates
398 2066 560 2137 superioris
580 2065 750 2133 systematis
768 2065 902 2137 includit,
917 2086 999 2141 prae-

64 2138 119 2191 ter
131 2136 208 2191 hanc
217 2137 375 2193 absurdam
384 2137 635 2207 praeexistentiam
648 2137 814 2190 animarum
829 2140 859 2191 et
873 2154 999 2211 corpus-

68 2207 207 2262 culorum
230 2209 260 2263 in
281 2208 403 2263 Adarno.
427 2209 458 2262 3ο
483 2207 748 2277 Metempsychosis
771 2208 929 2266 absurdior
951 2216 998 2268 est

68 2279 275 2348 superioribus
289 2279 510 2349 systematibus,
526 2281 673 2349 quatenus
691 2277 728 2332 iis
747 2275 830 2331 addit
848 2283 994 2351 conjunc-

67 2349 182 2408 tionem
196 2350 302 2404 animae
316 2349 453 2404 humanae
466 2364 534 2404 cum
549 2362 673 2419 corpore
686 2347 825 2402 belluino.

108 2420 190 2477 Vera
209 2419 377 2475 sententia.
394 2423 505 2475 Tussis
525 2423 545 2475 l.
566 2419 688 2474 Animo
708 2418 849 2473 hnmana
871 2427 997 2479 creatur

67 2506 146 2546 curn
165 2495 290 2561 corpori
309 2490 451 2547 humano
470 2490 697 2561 conjnnpenda
716 2492 770 2544 cst.
791 2490 883 2545 Prota.
906 2495 934 2548 1ο
953 2498 996 2551 Ex

67 2563 200 2618 falsitate
216 2563 388 2632 opinionum
403 2577 470 2632 quae
488 2561 596 2617 docent
614 2561 727 2615 animas
748 2560 832 2615 initio
852 2564 995 2635 temporis

67 2633 158 2689 simul
172 2638 287 2690 creatas
299 2634 402 2689 fuisse.
417 2637 448 2688 2ο
462 2634 564 2687 Anima
579 2632 621 2686 sic
633 2632 827 2701 praeexistens
842 2640 994 2693 exerceret

67 2704 251 2759 activitatem
264 2706 312 2759 vel
327 2719 387 2760 non
407 2723 413 2757 :
435 2704 460 2758 si
473 2707 612 2775 primum,
632 2704 731 2756 anima
750 2716 810 2757 nou
828 2709 908 2761 essct
922 2722 993 2776 pro-

66 2776 134 2844 prie
150 2775 245 2830 forma
262 2776 411 2847 corporis;
432 2773 458 2828 si
473 2775 609 2844 alterum,
630 2774 772 2842 habemus
792 2775 853 2829 vim
873 2777 994 2835 vitalem

67 2859 176 2901 revera
195 2860 255 2901 non
270 2847 422 2902 viventem
438 2846 480 2912 <in
496 2848 564 2901 actu
580 2844 732 2913 secundo).

103 2919 213 2971 Transis
236 2919 267 2971 ΙΙ.
291 2916 496 2972 Probabilins
519 2920 564 2971 est
587 2917 732 2970 animant
760 2916 886 2984 corpori
915 2933 993 2973 con·

62 2988 160 3056 jnnpi
175 2988 212 3041 in
231 2988 301 3058 ipse
320 2988 540 3057 conceptionis
559 2990 730 3057 momento,
746 3000 815 3039 nam
832 2987 929 3043 anima
949 2992 995 3045 est

65 3057 246 3128 principium
260 3059 330 3113 vitae
344 3060 435 3113 etiam
449 3058 635 3128 vegetativae.
651 3059 760 3111 Tamen
775 3060 924 3114 sententia
938 3076 991 3132 op-

65 3129 164 3200 posita
179 3143 262 3184 suam
277 3133 378 3184 servat
391 3128 638 3199 probabilitatem.
1047 3135 1082 3189 87

236 3238 261 3302 ’ς
279 3236 309 3290 Η.
331 3238 372 3291 De
391 3235 495 3292 animae
514 3226 650 3291 h‘umanae
668 3234 902 3291 immortalitate.

101 3336 188 3391 Ratio
216 3334 304 3390 nobis
324 3334 457 3403 ingenita
479 3331 733 3387 immortalitatem
758 3330 863 3384 animae
888 3332 991 3399 aperte

65 3410 209 3469 testatur;
235 3408 336 3476 itaqua
359 3406 508 3460 Gartesius
522 3419 581 3459 non
595 3403 710 3475 primus
725 3400 806 3456 dedit
820 3414 923 3455 veram
938 3402 992 3457 im·

66 3478 255 3533 mortalitatis
268 3476 483 3547 probationem.
793 3540 799 3551 ⁸
1039 3476 1075 3537 88

101 3552 213 3605 Tarsis
236 3551 257 3603 l.
283 3547 424 3603 Animus
450 3547 614 3602 humanus
638 3558 706 3598 non
729 3544 813 3613 perri
836 3545 989 3611 percunte

66 3635 205 3691 corpore,
222 3634 290 3674 nam
304 3621 450 3689 quatenus
460 3615 626 3673 substantia
639 3613 764 3683 simplex
774 3616 804 3668 et
814 3614 987 3687 spiritualis,

66 3707 126 3749 non
138 3694 238 3763 potest
252 3706 269 3746 a
283 3704 408 3759 corpore
421 3688 550 3760 pendere
565 3685 669 3757 quoad
684 3684 893 3739 existentiam.
1041 3687 1078 3743 88

346 3778 428 3828 Basa.
441 3776 517 3831 Pmt.
532 3776 562 3825 Τ.
577 3776 610 3824 ll.
623 3798 655 3812 -
670 3771 708 3830 18.
