2642 4209
266 286 464 332 unrarnrsrca
485 284 643 331 serenus
656 279 699 313 '-
714 284 918 330 cosnonocu.
1021 304 1024 313 ι
1068 265 1109 329 bb

124 438 175 503 §L
188 436 272 491 Falsa
281 438 333 491 aut
343 436 692 507 incompletasystcmata
701 413 781 489 circa
790 436 928 488 naturam
937 444 1106 516 corporum.

128 556 181 617 46.
208 591 246 601 -
270 560 316 617 De
336 562 500 634 systemate
528 558 676 618 ctomt'cu
704 557 726 616 l.
756 557 908 635 Systema
931 556 1109 617 atomicum

86 636 183 713 apud
215 636 417 714 antiquiores
444 638 668 715 philosophos
706 639 947 709 Anaxagoram,
991 635 1110 711 Empe·

87 715 236 787 doclem,
259 716 493 792 Democritum,
508 718 696 795 Epicurum,
720 721 797 787 etc,
816 716 888 795 jam
914 716 1108 789 invaluerat,

88 796 186 874 quod
202 799 414 870 recentiores
444 795 620 871 Carlesius,
645 796 835 858 Newtonius
863 801 895 857 et
921 795 975 856 alii
989 794 1110 872 quibus

90 876 263 937 consensit
289 876 321 935 P.
360 876 486 946 Secchi,
522 880 734 938 renovarunt.
776 877 872 936 Juxta
910 889 1109 937 commemo·

89 962 183 1016 ratos
220 954 442 1033 philosophos,
488 972 624 1034 corpora
667 959 909 1030 componuntur
953 969 995 1014 ex
1040 954 1111 1031 pri-

90 1036 214 1096 mitivis
243 1033 440 1112 quibusdam
476 1035 678 1113 corpusculis
699 1036 851 1095 sensibus
877 1033 1043 1110 imperviis
1071 1047 1110 1093 ac

90 1113 181 1175 inter
208 1130 245 1175 se
269 1114 416 1183 diversis,
443 1130 511 1191 que
535 1117 637 1176 monti
649 1120 837 1190 nuncupata
864 1110 1009 1184 fuerunt,
1033 1110 1109 1174 ideo

92 1196 172 1272 quia
211 1199 288 1255 sunt
323 1192 542 1267 indivisibilia,
573 1194 649 1255 licet
676 1197 895 1271 proprietates
923 1190 1111 1271 quantitatis

88 1274 248 1335 habeant.
262 1271 404 1350 Corpora
415 1275 597 1353 gignuntur
608 1290 649 1335 ex
665 1274 787 1334 actuali
797 1272 1032 1353 conjunctione
1043 1276 1110 1336 ato·

92 1368 225 1415 morum
239 1352 369 1414 fortuito
385 1355 470 1415 inter
484 1370 520 1413 se
536 1354 778 1415 cohaerentium.

132 1434 312 1495 Diversitas
346 1442 456 1495 autem
484 1450 595 1494 rerum
625 1430 773 1509 exsurgit
797 1447 839 1493 ex
868 1433 958 1494 varia
979 1434 1103 1492 atomo·

90 1526 167 1573 rum
201 1511 411 1590 dispositura,
443 1512 570 1587 ordine,
595 1516 673 1586 etc„
710 1529 781 1590 que
815 1527 857 1571 ex
884 1517 977 1571 motu
1012 1509 1111 1569 locali

91 1595 305 1671 exurgerent.
338 1595 502 1665 Attamen,
538 1597 576 1652 ut
607 1593 773 1653 nonnullis
810 1590 952 1665 videtur,
990 1589 1110 1665 quibus

54 1688 60 1699 ·
89 1686 160 1731 non
176 1672 377 1751 suffragatur
398 1671 570 1744 Cartesius,
596 1674 651 1749 qui
664 1669 841 1747 particulas
859 1668 936 1731 facit
963 1670 1108 1740 cubicas,

90 1752 169 1827 ipsae
196 1752 366 1813 molecuiac
403 1752 570 1829 primitivae
598 1751 761 1811 haberent
793 1750 939 1811 diversas
973 1746 1108 1827 figuras,

91 1830 238 1908 quinimo
274 1830 437 1893 diversam
471 1830 707 1899 substantiam:
745 1829 840 1908 juata
880 1832 1110 1907 Anaxagoram

91 1915 125 1970 et
160 1909 323 1987 quosdam
355 1914 498 1982 veteres,
535 1915 584 1971 tot
618 1913 732 1971 essent
765 1909 896 1986 species
931 1908 1109 1969 molecula·

89 2005 165 2051 rum
201 1993 282 2067 quot
301 1998 378 2051 sunt
411 1992 540 2065 species
578 2004 765 2065 corporum,
803 1988 883 2049 dum
909 1990 943 2050 in
971 1988 1111 2049 aliorum

89 2084 205 2140 sensu,
245 2076 357 2131 essent
393 2068 561 2131 dumtaxat
589 2075 730 2147 quatuor
759 2071 889 2144 species
924 2071 1110 2127 atomorum

89 2150 358 2226 primitivarum:
388 2154 486 2218 terra,
515 2164 611 2225 aqua,
636 2165 693 2209 aer
721 2151 755 2208 et
781 2149 868 2227 ignis
891 2153 1111 2222 seuquctuor

89 2227 258 2289 clementa.
305 2231 391 2289 lntcr
421 2230 624 2291 recentiores
658 2242 781 2305 magna
816 2228 914 2288 etlam
947 2228 1111 2303 reperitur

90 2306 264 2368 diversitas
297 2312 331 2368 in
376 2307 572 2385 explicanda
605 2312 722 2369 natura
756 2305 996 2368 elementorum
1043 2304 1109 2384 pri·

91 2388 291 2449 mitivorum.
644 2410 647 2416 ·

131 2467 168 2527 ll.
192 2466 318 2527 Gonatu
347 2472 380 2526 et
399 2466 558 2527 industria
586 2464 798 2544 physicorum
819 2460 987 2540 presentis
1009 2458 1109 2523 aetatis

89 2541 171 2606 illud
186 2551 332 2624 systema
347 2544 443 2606 aliam
466 2545 573 2607 induit
586 2541 727 2605 formam
748 2560 818 2621 quae
833 2543 1022 2602 atomismus
1040 2539 1126 2599 clai--

89 2626 196 2687 micus
226 2624 355 2687 dicitur.
386 2624 468 2685 lllud
492 2629 637 2703 systema
664 2621 753 2700 quod
767 2624 957 2699 nuperrime
971 2622 1034 2681 RR.
1050 2618 1108 2680 PP.

88 2702 268 2785 'longiorgi
291 2710 324 2766 et
344 2704 494 2766 Palmicri
506 2704 621 2765 acriter
635 2706 897 2781 propugnarunt,
913 2700 979 2761 duo
999 2699 1111 2760 distin·

89 2785 163 2861 gult
177 2800 304 2863 genera
332 2800 515 2855 corporum,
542 2783 706 2859 simplicia
732 2783 858 2843 scilicet
882 2782 1111 2841 etmrictaseu

92 2867 290 2941 composita;
320 2864 479 2940 simplicia
505 2861 669 2936 dicuntur,
699 2878 770 2939 quar
797 2864 830 2923 in
850 2861 944 2938 plura
972 2873 1112 2936 corpora

91 2940 228 3005 diversa
250 2947 371 3003 natura
393 2958 454 3004 seu
483 2943 695 3018 tctcropcoea
721 2940 841 3004 resolvi
871 2943 1058 3017 nequeunt3
1082 2953 1110 2999 s1

90 3036 202 3091 secus,
226 3025 322 3084 mixta
337 3028 507 3084 vocantur.

130 3102 275 3179 Corpora
290 3104 399 3162 omnia
412 3118 474 3179 per
494 3098 653 3178 analysim
685 3098 851 3159 chimicam
877 3098 911 3155 ln
931 3094 1110 3157 moleculas

88 3182 233 3255 ultimas,
276 3196 338 3243 seu
364 3182 495 3243 omnino
530 3178 706 3255 simplices
736 3176 817 3239 solvi
844 3181 994 3252 possunt,
1038 3190 1111 3252 quae

89 3260 233 3337 proinde
260 3261 397 3322 ulterius
431 3264 466 3322 in
500 3258 580 3319 alias
613 3257 789 3334 particulas
818 3255 950 3317 dissolvi
975 3254 1110 3315 chimice

89 3343 276 3417 nequeunt,
292 3344 327 3401 et
348 3341 468 3401 exinde
483 3338 637 3399 dicuntur
650 3337 754 3397 atomi
761 3336 951 3412 primitiae,
967 3334 1022 3394 vel
1036 3347 1109 3393 cor·

86 3436 177 3497 pora
198 3418 379 3498 simplicia:
403 3416 568 3481 moleoulae
591 3418 624 3477 in
641 3431 723 3493 quas
747 3416 956 3475 resolvuntur
972 3427 1111 3489 corpora

92 3498 263 3576 simplicia,
276 3503 354 3559 sunt
366 3499 580 3575 tomopcoeae,
598 3496 676 3557 dum
691 3495 847 3556 resolutio
864 3494 1010 3571 corporis
1022 3490 1112 3553 mixti

92 3576 129 3641 fit
141 3579 176 3639 in
191 3585 301 3655 partes
324 3578 578 3657 heterogencas.
594 3575 770 3637 Diversitas
784 3574 912 3634 illorum
928 3577 1109 3632 atomorum

93 3658 287 3735 simplicium
303 3656 465 3720 diversam
487 3668 660 3732 corporum
681 3660 829 3716 naturam
844 3652 995 3729 explicat.
