2642 4209
271 275 477 321 ‚narnmrrsmt
498 273 655 321 serenus.
675 289 713 299 -
728 272 928 321 ιοεεοιοειι.
1077 260 1113 319 41

462 387 493 436 11.
508 387 547 437 De
560 384 618 435 vitae
631 383 766 451 principio.

135 486 188 549 71.
218 520 250 531 -
274 486 304 545 1⁰
323 487 512 548 Emistentte.
536 483 571 546 Id
594 482 684 561 quod
705 486 810 546 estin
831 485 910 547 solis
929 487 1116 550 viventibus

95 568 133 627 ει
154 582 222 643 quo
243 566 385 626 viventia
406 568 516 641 seipsa
537 567 682 636 movent,
709 566 782 625 ottae
809 567 1012 641 principium
1033 566 1113 630 diei·

95 648 163 718 tur,
189 644 279 723 quod
302 644 444 706 describi
464 648 576 722 potest
599 663 607 705 :
630 645 667 703 td
696 659 759 719 quo
787 647 896 706 vivens
921 646 1117 707 nativitatem
1170 717 1174 726 ι

96 741 165 801 qua
182 727 360 800 praet-itum
381 728 436 797 est,
459 726 602 788 sortem.
628 724 809 785 Existentia
838 726 936 801 hujus
965 725 1117 803 principii

96 805 132 865 in
158 804 332 866 discrimen
354 803 502 865 revocari
521 803 652 881 nequit;
677 818 752 863 nam
775 803 985 880 operationes
1000 807 1117 868 vitales

97 886 247 945 exterius
280 881 453 945 manifeste
485 888 657 960 apparent.
679 882 779 959 Atqui
800 884 1041 958 perabsurdum
1064 890 1116 946 εει
1150 896 1154 905 “

95 962 173 1026 dari
193 964 404 1041 operationes
427 963 498 1023 sine
519 962 680 1040 principio
702 966 875 1038 operante.
898 964 984 1045 Ergo
1012 964 1118 1027 semel

99 1041 253 1105 confesso
284 1043 419 1105 rationis
451 1040 642 1105 sufficientis
671 1043 845 1118 principio,
866 1039 1038 1105 fatendum
1066 1050 1117 1106 est

96 1124 163 1187 vim
185 1123 314 1185 vitalem
337 1138 411 1185 esse
434 1122 559 1201 aliquid
579 1122 671 1183 reale
694 1124 728 1182 et
748 1122 920 1201 physicum
947 1126 980 1184 in
1001 1124 1114 1187 viven-

97 1202 197 1265 tibus.
222 1204 314 1263 Nunc
334 1202 502 1279 speciatim
526 1201 568 1262 de
590 1206 708 1263 natura
729 1205 763 1262 et
783 1202 1039 1279 proprietatibus
1053 1205 1113 1266 hu·
1153 1205 1155 1208 ’

94 1283 153 1363 jus
174 1281 328 1361 principii
349 1281 515 1360 agendum
538 1285 598 1342 est.

138 1363 190 1424 72.
215 1398 252 1407 -
273 1362 305 1423 2¹
325 1364 464 1427 Nature.
488 1360 574 1436 Quid
604 1358 646 1421 sit
674 1362 710 1421 in
740 1375 776 1421 εε
807 1360 890 1422 illud
921 1362 1116 1440 principium

99 1444 183 1515 vita,
208 1440 299 1519 qued
322 1444 418 1502 etiam
439 1444 553 1501 auimo
573 1441 683 1504 vocari
703 1440 808 1501 soleti

140 1522 170 1582 1ο
193 1521 352 1583 Omnibus
375 1521 579 1597 exploratum
602 1525 653 1581 εει
674 1519 878 1597 praesentiam
899 1520 999 1599 hujus
1030 1522 1115 1596 prin·

99 1602 176 1681 eipii
196 1604 230 1663 in
252 1605 330 1663 ente
352 1600 461 1678 aliquo
481 1616 543 1661 ens
563 1600 644 1661 illud
666 1597 810 1661 reddere
830 1602 957 1671 vivens,
974 1599 1051 1662 dum
1074 1616 1116 1661 ex

97 1682 185 1743 iliius
205 1678 298 1760 fuga,
320 1682 433 1742 vivens
455 1678 490 1741 fit
511 1679 665 1754 cadaver,
688 1678 810 1757 aliquid
830 1679 883 1739 sui
904 1695 978 1740 esse
997 1680 1115 1756 deper-

100 1760 195 1823 dens.
230 1760 448 1835 Quamobrem
484 1761 655 1821 existentia
690 1759 790 1838 bujus
824 1760 987 1836 principii,
1024 1758 1116 1836 quod

100 1842 270 1902 constituit
298 1840 388 1901 reale
421 1837 594 1899 discrimen
626 1841 712 1899 inter
740 1840 854 1901 vivens
880 1843 914 1899 et
938 1844 1114 1911 mortuum,

98 1924 212 1998 potest
232 1918 386 1982 facillime
409 1917 586 1995 explorari;
611 1918 673 1980 sed
701 1921 733 1979 2⁰
765 1920 837 1996 ejus
857 1919 976 1979 intimo
995 1924 1116 1980 netum

100 1997 224 2061 difficili
254 1998 382 2061 ratione
414 1996 686 2075 deprehenditur.
710 1999 821 2059 Mirum
856 2014 935 2076 ergo
965 2014 1034 2058 non
1065 2005 1116 2061 εει

99 2080 192 2160 quod
213 2081 247 2140 in
267 2081 328 2141 hae
350 2094 386 2139 re
407 2092 475 2139 non
498 2081 707 2139 consentiant
726 2092 841 2139 omnes
862 2071 1059 2155 philosophi.

139 2161 162 2221 1.
186 2159 283 2237 Apud
305 2159 518 2237 antiquiores
537 2158 606 2235 jam
628 2159 741 2234 plures
755 2160 968 2236 reperiuntur
981 2161 1114 2218 senten·

100 2239 149 2300 tiae
173 2241 260 2301 eirea
283 2243 431 2300 naturam
453 2236 603 2315 principii
623 2224 738 2298 vitalis.
764 2236 915 2312 Quidam,
938 2238 986 2297 uti
1014 2236 1114 2298 Mani-

98 2319 189 2391 ohaei,
211 2322 350 2381 animam
372 2318 564 2380 rationalem
587 2317 778 2378 tribuebant
808 2317 960 2378 omnibus
982 2316 1116 2379 viventi-

98 2399 172 2462 bus,
191 2398 363 2461 arboribus
383 2413 594 2475 nequaquam
618 2399 776 2473 exeeptis.
793 2396 855 2458 Alii
875 2399 1014 2458 animam
1038 2412 1114 2457 eon·

99 2477 269 2555 eipiebant
301 2482 338 2539 ut
373 2477 563 2554 particulam
600 2478 788 2538 substantiae
823 2475 949 2537 divina.
987 2477 1021 2536 ln
1055 2476 1116 2537 hae

98 2560 267 2619 sententia
295 2556 431 2619 fuerunt
460 2558 636 2633 Epictetus
660 2558 800 2626 Seneca,
824 2560 887 2617 eto.
910 2555 971 2616 Alii
1002 2560 1115 2616 eontra

98 2653 231 2699 omnem
253 2638 393 2698 animam
414 2635 612 2699 materialem
633 2633 811 2705 faciebant,
833 2635 882 2702 uti
901 2635 1030 2708 Thales,
1047 2637 1115 2697 De-

98 2719 268 2789 mocritus,
291 2720 356 2778 eto.

140 2797 177 2857 11.
202 2795 402 2869 scholastici,
426 2799 501 2871 post
520 2793 740 2865 Aristotelem,
763 2796 902 2855 animam
925 2789 1113 2853 definiunt:

97 2878 195 2937 Actus
211 2879 342 2951 pmmus
365 2875 511 2950 eorporis
529 2874 659 2950 pbpstei
680 2874 837 2949 erpantet,
853 2874 955 2933 uitem
972 2870 1118 2931 babeatis

98 2956 133 3015 in
155 2959 308 3031 potentie.
334 2957 459 3016 Dicitur
479 2958 570 3015 ectus
589 2954 718 3027 primos
739 2954 896 3027 eorporis,
916 2950 950 3012 id
972 2954 1034 3020 est,
1048 2949 1114 3013 ior·

97 3050 152 3095 ma
173 3034 395 3095 substantialis
416 3034 466 3112 (ii,
489 3030 553 3111 56),
577 3048 647 3109 quoe
669 3032 726 3094 dat
748 3047 821 3093 esse
844 3031 984 3107 corpori.
1015 3028 1116 3091 Addi-

98 3118 154 3175 tur
175 3117 322 3192 oorporis
338 3114 466 3192 physici
485 3114 642 3188 orpom'ei,
664 3112 700 3173 id
732 3116 783 3173 εει
813 3113 909 3172 variis
937 3111 1117 3171 constantis

97 3192 247 3271 partibus
269 3196 354 3272 aptis
376 3193 419 3253 ad
442 3190 695 3255 deserviendum
717 3189 963 3267 operationibus
989 3190 1113 3250 animae.

139 3273 439 3352 Denique'dieitur
467 3272 501 3332 in
533 3270 737 3343 definitione,
769 3271 871 3331 uttam
904 3269 1050 3329 tabentis
1082 3270 1117 3328 tn

95 3357 251 3429 potentia,
285 3355 410 3415 scilieet
443 3352 665 3430 organismum
699 3350 854 3410 habentis
883 3348 1039 3410 idoneum
1072 3345 1115 3408 ad

97 3434 169 3494 vita
192 3448 342 3506 munera,
365 3447 486 3509 nempe
508 3430 693 3492 ordinatum
715 3428 758 3490 ad
781 3431 889 3491 vitam.

137 3513 189 3575 73.
212 3546 252 3557 -
273 3514 304 3575 3⁰
327 3514 444 3574 linitas.
461 3510 528 3571 Sed
550 3511 763 3572 celeberrima
783 3509 897 3586 viguit,
915 3508 993 3584 quin
1015 3506 1115 3567 etiam

98 3592 201 3671 viget,
234 3590 457 3654 controversia
485 3594 594 3651 utrum
626 3588 777 3665 corporei
805 3588 945 3650 viventis
975 3587 1018 3647 sit
1045 3600 1115 3647 una

101 3670 271 3735 dumtaxat
290 3670 393 3734 forma
415 3669 651 3743 substantialis,
674 3673 732 3729 aut
751 3666 940 3746 multiplex?
