2642 4209
459 265 550 325 6‘)
1084 286 1445 329 anvrmmu
1489 271 1891 332 pnrtosopnm:

490 434 495 439 -
555 400 739 459 Inter
769 401 940 460 vires
987 416 1127 477 quae
1187 400 1804 461 ambitumlnaturae
1839 403 2069 462 creatae
2111 417 2250 463 non
2309 418 2512 461 exce·

477 476 664 545 dunt,
699 478 938 540 dantur
978 480 1133 539 varii
1164 478 1437 559 gradus.
1482 478 1771 541 Effectus
1803 482 1917 557 qui
1944 484 2353 561 potestatem
2394 496 2518 542 seu

475 559 735 639 ἐνέργειαν
779 558 1057 636 alicujus
1103 565 1414 619 creaturae
1447 559 1729 630 excedit,
1776 564 1997 637 potest
2039 561 2120 620 ab
2169 561 2296 620 alia
2323 576 2515 621 crea-

474 641 620 698 tura
649 636 1172 701 facillime-effici
1208 659 1222 699 :
1257 644 1685 717 quapropter,
1738 644 1813 699 ut
1857 639 1939 700 de
1983 641 2140 701 solis
2192 642 2517 701 creaturis

476 718 991 795 intelligentibus
1051 720 1455 797 eloquamur,
1523 719 1591 779 id
1651 720 1831 797 quod
1903 720 1985 780 ab
2052 721 2310 797 angelis
2371 718 2516 781 fieri

477 804 717 873 indust,
783 797 1140 875 aliquando
1206 799 1378 859 vires
1451 798 1773 859 humanas
1838 800 2038 876 longe
2098 800 2388 868 excedit,
2453 809 2516 860 et

477 880 714 937 exinde
746 877 813 937 id
845 878 1022 954 quod
1053 878 1179 938 illis
1213 882 1316 939 est
1342 880 1665 950 naturale,
1711 886 2023 954 respectu
2076 878 2368 940 hominis
2416 884 2514 939 est

481 959 1033 1033 praui-„ematurata
1067 957 1199 1018 Sed
1220 958 1439 1035 angeli
1468 958 1847 1035 aliquando,
1882 961 2310 1034 permittente
2339 960 2507 1026 Deo,

481 1053 633 1097 snas
674 1038 1006 1097 naturales
1033 1041 1214 1097 vires
1251 1038 1637 1113 expandunt
1676 1039 1745 1098 in
1792 1038 2022 1098 ordine
2074 1040 2396 1103 sensibili,
2449 1044 2513 1098 et

481 1121 573 1177 sic
605 1117 976 1193 producunt
1005 1117 1314 1177 effectum
1356 1122 1834 1194 portentosum,
1870 1118 1982 1195 qui
2012 1118 2092 1177 ab
2124 1118 2512 1179 hominibus

477 1205 792 1273 tanquam
836 1198 1222 1258 miraculum
1250 1198 1555 1264 habetur,
1587 1197 1744 1257 licet
1772 1198 1839 1257 in
1870 1214 1942 1258 se
1973 1198 2221 1274 aliquid
2263 1200 2511 1258 mirum

481 1277 795 1336 :lusitaxat
824 1277 928 1346 sit,
962 1293 1097 1337 non
1128 1282 1353 1338 autem
1395 1278 1804 1337 miraculum.

485 1401 613 1457 inii.
653 1432 725 1441 -
755 1400 989 1459 TnEs1S.
1021 1400 1308 1471 Spiritus
1351 1398 1482 1457 sive
1529 1398 1682 1457 bom·
1720 1399 1851 1469 sive
1895 1400 2067 1459 mali
2110 1400 2289 1458 mira
2335 1414 2507 1473 quae-

561 1481 732 1548 rici-m,
768 1478 1055 1537 absolute
1085 1477 1424 1553 loquenda
1459 1479 1731 1552 operari
1742 1484 2033 1554 possunt.

561 1592 902 1653 Probatur.
937 1591 1210 1665 Spiritus
1237 1588 1829 1651 viribusornant'ur
1866 1608 2006 1668 quae
2054 1595 2302 1651 naturae
2363 1606 2503 1651 cor-

481 1688 692 1745 poreae
720 1672 1027 1730 virtutem
1050 1672 1255 1748 longe
1301 1670 1657 1731 excedunt.
1688 1672 1857 1749 Ergo
1901 1673 2108 1731 virtus
2147 1672 2255 1730 illa
2305 1685 2508 1746 supe-

481 1753 629 1817 rinr,
679 1766 808 1827 qua
839 1751 1250 1811 instruuntur
1279 1750 1523 1829 angeli,
1584 1754 1805 1826 potest
1854 1751 2143 1811 absolute
2190 1750 2506 1825 loquendo

481 1833 684 1889 multa
728 1834 1138 1907 perpetrare,
1174 1846 1314 1907 quae
1344 1831 1605 1907 legibus
1635 1829 1974 1891 ordinariis
2006 1834 2248 1889 naturae
2281 1845 2505 1905 corpo-

481 1929 605 1969 rwr.
637 1910 782 1985 plus
829 1912 1129 1971 minusve
1176 1910 1546 1984 oppositiva
1591 1910 1991 1971 viderentur.
2050 1910 2287 1987 Angeli
2334 1910 2507 1970 enim

481 1995 777 2065 }]⁴j.‘¹f=÷5llnt‚
825 2006 884 2049 v.
933 2006 1026 2067 g.,
1064 1992 1122 2051 10
1153 1989 1493 2050 celerrime
1525 2005 1799 2066 corpora
1831 1987 2207 2062 transferre,
2242 2005 2502 2049 eorum·

485 2089 613 2145 qne
645 2074 863 2145 partes
895 2069 1306 2147 conjungere
1337 2069 1444 2128 vel
1476 2068 1829 2130 dissociare
1856 2088 1870 2139 3
1903 2071 1968 2129 2⁰
1996 2070 2306 2129 omnibus
2352 2068 2501 2128 viri-

481 2153 605 2205 lius
657 2155 897 2209 naturae
947 2165 1276 2225 corporeae
1329 2150 1527 2207 etiam
1571 2149 2047 2216 occultissimis,
2094 2164 2260 2226 quas
2302 2149 2504 2223 probe

485 2234 917 2303 rtignoscunt,
962 2232 1078 2298 uti,
1141 2244 1414 2305 easque·
1446 2228 1531 2287 ad
1588 2244 1756 2305 opus
1815 2228 2083 2305 aliquod
2138 2228 2505 2289 hominibus

481 2313 715 2367 mirum
775 2310 1166 2378 admovere;
1241 2310 1302 2368 3¹
1363 2309 1980 2382 repraesentationes
2062 2308 2505 2384 phantasticas

485 2397 593 2445 :uit
629 2390 905 2450 sensiles
937 2389 1281 2448 efformare
1323 2388 1543 2446 valent
1591 2403 1711 2464 per
1762 2388 2092 2448 actionem
2134 2390 2203 2447 in
2258 2403 2504 2465 organa

485 2467 966 2541 t·ni·ispicientiS.
1001 2470 1170 2546 Ergo
1201 2468 1468 2543 spiritus
1500 2466 1797 2543 quaedam
1825 2464 1998 2526 facta
2018 2468 2181 2527 mira
2212 2468 2325 2527 aut
2353 2475 2498 2543 po‘r-

485 2553 741 2609 l.1'²11[t]Sa
824 2548 1083 2625 operari
1153 2551 1455 2622 possunt,
1516 2563 1796 2623 quorum
1868 2548 2055 2624 leges
2114 2548 2194 2607 ab
2241 2547 2501 2608 homine

485 2645 748 2701 prorsus
780 2628 1184 2704 ignorantur,
1222 2629 1287 2687 et
1316 2643 1598 2704 quorum
1643 2642 1841 2686 causa
1880 2630 1982 2685 est
2017 2627 2139 2704 ipsi
2183 2627 2461 2686 occulta.

569 2709 850 2767 Diximus
893 2709 958 2766 in
1011 2707 1176 2769 thesi
1221 2705 1507 2766 absolute
1546 2706 1863 2782 loquendo
1891 2721 2092 2766 :nam
2150 2704 2234 2765 de
2289 2712 2499 2783 potes-

489 2793 613 2845 tate
649 2786 995 2852 ordinaria,
1041 2802 1284 2862 nempe
1316 2789 1612 2862 spectata
1672 2784 2036 2846 secundum
2094 2785 2281 2862 leges
2332 2785 2498 2847 ordi-

485 2869 698 2925 narias
728 2867 889 2942 ipsis
919 2884 955 2927 a
985 2866 1122 2927 Deo
1154 2866 1511 2940 impositaS,
1548 2881 1748 2943 opera
1780 2870 2156 2941 portentosa
2205 2868 2274 2925 et
2318 2867 2497 2925 sensi-

481 2945 641 3005 1⁸2³?ssOE
670 2948 934 3021 spiritus
975 2961 1108 3009 non
1153 2950 1380 3022 agunt.
1430 2946 1572 3005 Haec
1602 2946 1773 3005 enim
1805 2960 2008 3020 opera
2033 2942 2295 3004 nonnisi
2327 2948 2499 3006 extra

483 3025 690 3097 sepem
719 3026 1130 3087 ordinariam
1161 3024 1497 3101 spiritibus
1541 3026 1917 3101 impositam
1962 3023 2371 3102 contingunt,
2424 3040 2497 3083 ex

481 3104 752 3177 speciali
796 3106 914 3166 Dei
947 3104 1145 3184 jussu
1185 3110 1299 3163 aut
1347 3105 1805 3180 permissione.
1859 3102 2033 3164 Ordo
2084 3106 2261 3163 enim
2316 3119 2495 3180 supe·
2546 3150 2551 3155 .

481 3185 617 3241 rini-
649 3184 947 3245 ordinem
990 3183 1367 3245 inferiorem
1399 3184 1665 3244 turbare
1707 3183 1961 3260 nequit,
2010 3182 2134 3242 nisi
2176 3179 2345 3242 forte
2383 3200 2499 3259 per

485 3265 796 3333 accidens,
847 3279 1046 3324 secus
1086 3270 1331 3324 naturae
1365 3267 1594 3324 creatae
1640 3264 2070 3325 constantiam
2118 3268 2186 3322 et¹
2225 3278 2489 3323 consen·

481 3345 728 3401 sienem
773 3346 839 3403 in
883 3347 1017 3403 suis
1061 3344 1566 3420 proprietatibus
1616 3346 1683 3402 et
1732 3341 2224 3419 operationibus
2271 3357 2493 3418 reapse

481 3441 617 3481 nnn
637 3422 982 3491 haberent,
1020 3427 1087 3481 et
1114 3425 1258 3498 ipse
1281 3422 1443 3483 ordo
1465 3423 1777 3482 naturalis
1797 3437 1932 3483 non
1955 3423 2133 3481 esset
2154 3421 2418 3482 stabilis.

569 3505 699 3563 ΗΠΒ.
732 3535 808 3543 -
835 3502 1189 3562 scholium.
1219 3503 1378 3562 Hinc
1409 3501 1709 3563 hodierni
1731 3502 2146 3575 ‘maynetismz'
2170 3501 2489 3566 animalis,

485 3581 890 3653 hffpnotismzss
923 3596 1299 3641 mensarum
1325 3581 1679 3641 rotantium
1710 3585 1821 3640 aut
1860 3581 2273 3655 loquentium
2304 3595 2494 3657 expe-

481 3661 786 3733 rimenta,
821 3663 947 3720 etc.
983 3675 1124 3735 quae
1154 3665 1371 3720 tamen
1396 3674 1535 3719 non
1571 3663 1726 3720 sunt
1772 3658 2197 3737 praestigiosa,
2260 3663 2327 3720 et
2375 3662 2494 3721 vim
