<?xml version="1.0" encoding="UTF-8"?>
<!DOCTYPE html PUBLIC "-//W3C//DTD XHTML 1.0 Transitional//EN"
    "http://www.w3.org/TR/xhtml1/DTD/xhtml1-transitional.dtd">
<html xmlns="http://www.w3.org/1999/xhtml" xml:lang="en" lang="en">
 <head>
  <title>
</title>
<meta http-equiv="Content-Type" content="text/html;charset=utf-8" />
  <meta name='ocr-system' content='tesseract 3.04.00' />
  <meta name='ocr-capabilities' content='ocr_page ocr_carea ocr_par ocr_line ocrx_word'/>
</head>
<body>
  <div class='ocr_page' id='page_1' title='image "./brevariumphilos02grangoog_0120.png"; bbox 0 0 2642 4209; ppageno 0'>
   <div class='ocr_carea' id='block_1_1' title="bbox 237 211 939 272">
    <p class='ocr_par' dir='ltr' id='par_1_1' title="bbox 237 211 939 272">
     <span class='ocr_line' id='line_1_1' title="bbox 237 211 939 272; baseline 0 -4"><span class='ocrx_word' id='word_1_1' title='bbox 237 211 292 269; x_wconf 77' lang='lat' dir='ltr'>luo</span> <span class='ocrx_word' id='word_1_2' title='bbox 534 211 721 272; x_wconf 72' lang='grc'><strong>’6666116166</strong></span> <span class='ocrx_word' id='word_1_3' title='bbox 742 227 939 270; x_wconf 76' lang='grc'><strong>1666666616</strong></span> 
     </span>
    </p>
   </div>
   <div class='ocr_carea' id='block_1_2' title="bbox 229 338 1229 1056">
    <p class='ocr_par' dir='ltr' id='par_1_2' title="bbox 229 338 1228 736">
     <span class='ocr_line' id='line_1_2' title="bbox 231 338 1227 418; baseline 0.001 -20"><span class='ocrx_word' id='word_1_4' title='bbox 231 339 328 400; x_wconf 86' lang='grc'><strong>16116.</strong></span> <span class='ocrx_word' id='word_1_5' title='bbox 362 338 427 399; x_wconf 87' lang='lat' dir='ltr'>Sed</span> <span class='ocrx_word' id='word_1_6' title='bbox 453 341 551 418; x_wconf 74' lang='lat' dir='ltr'>hujus</span> <span class='ocrx_word' id='word_1_7' title='bbox 578 341 741 417; x_wconf 77' lang='lat' dir='ltr'>opinionis</span> <span class='ocrx_word' id='word_1_8' title='bbox 772 339 950 400; x_wconf 86' lang='lat' dir='ltr'>falsitatem</span> <span class='ocrx_word' id='word_1_9' title='bbox 981 339 1143 399; x_wconf 78' lang='lat' dir='ltr'>anatomia</span> <span class='ocrx_word' id='word_1_10' title='bbox 1170 339 1227 413; x_wconf 87' lang='lat' dir='ltr'>jam</span> 
     </span>
     <span class='ocr_line' id='line_1_3' title="bbox 231 418 1227 494; baseline -0.001 -14"><span class='ocrx_word' id='word_1_11' title='bbox 231 421 466 480; x_wconf 87' lang='lat' dir='ltr'>demonstrat:</span> <span class='ocrx_word' id='word_1_12' title='bbox 491 437 568 480; x_wconf 89' lang='lat' dir='ltr'>nam</span> <span class='ocrx_word' id='word_1_13' title='bbox 590 422 694 490; x_wconf 89' lang='lat' dir='ltr'>nervi,</span> <span class='ocrx_word' id='word_1_14' title='bbox 719 421 748 479; x_wconf 90' lang='grc' dir='ltr'>1ο</span> <span class='ocrx_word' id='word_1_15' title='bbox 770 421 853 480; x_wconf 88' lang='lat' dir='ltr'>tensi</span> <span class='ocrx_word' id='word_1_16' title='bbox 885 437 953 480; x_wconf 91' lang='lat' dir='ltr'>non</span> <span class='ocrx_word' id='word_1_17' title='bbox 974 424 1062 486; x_wconf 86' lang='lat' dir='ltr'>sunt,</span> <span class='ocrx_word' id='word_1_18' title='bbox 1085 421 1143 477; x_wconf 86' lang='lat' dir='ltr'>sed</span> <span class='ocrx_word' id='word_1_19' title='bbox 1163 418 1227 494; x_wconf 87' lang='lat' dir='ltr'>laxi,</span> 
     </span>
     <span class='ocr_line' id='line_1_4' title="bbox 229 495 1228 577; baseline -0.002 -16"><span class='ocrx_word' id='word_1_20' title='bbox 229 503 261 561; x_wconf 77' lang='lat'>2⁰</span> <span class='ocrx_word' id='word_1_21' title='bbox 291 501 324 559; x_wconf 94' lang='lat' dir='ltr'>in</span> <span class='ocrx_word' id='word_1_22' title='bbox 356 501 511 562; x_wconf 88' lang='lat' dir='ltr'>extremis</span> <span class='ocrx_word' id='word_1_23' title='bbox 540 500 607 560; x_wconf 91' lang='lat' dir='ltr'>suis</span> <span class='ocrx_word' id='word_1_24' title='bbox 633 501 782 577; x_wconf 84' lang='lat' dir='ltr'>partibus</span> <span class='ocrx_word' id='word_1_25' title='bbox 810 516 878 560; x_wconf 93' lang='lat' dir='ltr'>non</span> <span class='ocrx_word' id='word_1_26' title='bbox 903 503 981 561; x_wconf 90' lang='lat' dir='ltr'>sunt</span> <span class='ocrx_word' id='word_1_27' title='bbox 1013 495 1110 568; x_wconf 85' lang='lat' dir='ltr'>affixi,</span> <span class='ocrx_word' id='word_1_28' title='bbox 1132 514 1228 574; x_wconf 91' lang='lat' dir='ltr'>neque</span> 
     </span>
     <span class='ocr_line' id='line_1_5' title="bbox 229 577 1228 657; baseline -0.003 -15"><span class='ocrx_word' id='word_1_29' title='bbox 229 578 394 642; x_wconf 75' lang='lat' dir='ltr'>soliditate</span> <span class='ocrx_word' id='word_1_30' title='bbox 426 578 585 655; x_wconf 81' lang='lat' dir='ltr'>gaudent,</span> <span class='ocrx_word' id='word_1_31' title='bbox 619 581 650 640; x_wconf 85' lang='lat'>3⁰</span> <span class='ocrx_word' id='word_1_32' title='bbox 681 579 800 642; x_wconf 90' lang='lat' dir='ltr'>mediis</span> <span class='ocrx_word' id='word_1_33' title='bbox 830 595 897 640; x_wconf 88' lang='lat' dir='ltr'>nou</span> <span class='ocrx_word' id='word_1_34' title='bbox 924 583 1001 639; x_wconf 90' lang='lat' dir='ltr'>sunt</span> <span class='ocrx_word' id='word_1_35' title='bbox 1030 577 1134 639; x_wconf 87' lang='lat' dir='ltr'>liberi.</span> <span class='ocrx_word' id='word_1_36' title='bbox 1156 579 1228 657; x_wconf 82' lang='lat' dir='ltr'>Ergo</span> 
     </span>
     <span class='ocr_line' id='line_1_6' title="bbox 230 659 996 736; baseline -0.004 -16"><span class='ocrx_word' id='word_1_37' title='bbox 230 660 365 721; x_wconf 76' lang='lat' dir='ltr'>vibratio</span> <span class='ocrx_word' id='word_1_38' title='bbox 390 664 440 720; x_wconf 90' lang='lat' dir='ltr'>est</span> <span class='ocrx_word' id='word_1_39' title='bbox 461 660 562 736; x_wconf 89' lang='lat' dir='ltr'>plane</span> <span class='ocrx_word' id='word_1_40' title='bbox 580 659 800 734; x_wconf 83' lang='lat' dir='ltr'>impossibilis</span> <span class='ocrx_word' id='word_1_41' title='bbox 850 683 853 689; x_wconf 58' lang='lat'><strong><em>¹</em></strong></span> <span class='ocrx_word' id='word_1_42' title='bbox 992 728 996 735; x_wconf 86' lang='lat'>.</span> 
     </span>
    </p>

    <p class='ocr_par' dir='ltr' id='par_1_3' title="bbox 229 737 1229 898">
     <span class='ocr_line' id='line_1_7' title="bbox 269 737 1229 815; baseline -0.002 -17"><span class='ocrx_word' id='word_1_43' title='bbox 269 739 382 800; x_wconf 75' lang='grc'><strong>61111</strong></span> <span class='ocrx_word' id='word_1_44' title='bbox 404 739 590 800; x_wconf 69' lang='lat' dir='ltr'>existimant</span> <span class='ocrx_word' id='word_1_45' title='bbox 609 738 749 801; x_wconf 88' lang='lat' dir='ltr'>fluidum</span> <span class='ocrx_word' id='word_1_46' title='bbox 771 737 940 815; x_wconf 82' lang='lat' dir='ltr'>quoddam</span> <span class='ocrx_word' id='word_1_47' title='bbox 962 753 1122 798; x_wconf 91' lang='lat' dir='ltr'>nerveum</span> <span class='ocrx_word' id='word_1_48' title='bbox 1143 753 1159 796; x_wconf 88' lang='lat' dir='ltr'>a</span> <span class='ocrx_word' id='word_1_49' title='bbox 1181 753 1229 796; x_wconf 90' lang='grc'>66-</span> 
     </span>
     <span class='ocr_line' id='line_1_8' title="bbox 229 817 1188 898; baseline -0.003 -20"><span class='ocrx_word' id='word_1_50' title='bbox 229 819 325 882; x_wconf 90' lang='lat' dir='ltr'>rebro</span> <span class='ocrx_word' id='word_1_51' title='bbox 349 819 509 881; x_wconf 88' lang='lat' dir='ltr'>elaborari</span> <span class='ocrx_word' id='word_1_52' title='bbox 531 822 665 898; x_wconf 71' lang='lat' dir='ltr'>organis</span> <span class='ocrx_word' id='word_1_53' title='bbox 688 819 924 890; x_wconf 87' lang='lat' dir='ltr'>necessarium,</span> <span class='ocrx_word' id='word_1_54' title='bbox 949 822 1013 878; x_wconf 89' lang='grc'><strong>616.</strong></span> <span class='ocrx_word' id='word_1_55' title='bbox 1038 817 1089 894; x_wconf 92' lang='grc'><strong>(11,</strong></span> <span class='ocrx_word' id='word_1_56' title='bbox 1115 817 1188 890; x_wconf 72' lang='lat'>129).</span> 
     </span>
    </p>

    <p class='ocr_par' dir='ltr' id='par_1_4' title="bbox 230 897 1228 1056">
     <span class='ocr_line' id='line_1_9' title="bbox 272 897 1228 978; baseline -0.006 -18"><span class='ocrx_word' id='word_1_57' title='bbox 272 898 338 960; x_wconf 85' lang='lat' dir='ltr'>Sed</span> <span class='ocrx_word' id='word_1_58' title='bbox 368 899 435 958; x_wconf 81' lang='lat' dir='ltr'>lstae</span> <span class='ocrx_word' id='word_1_59' title='bbox 468 899 668 978; x_wconf 83' lang='lat' dir='ltr'>hypotheses</span> <span class='ocrx_word' id='word_1_60' title='bbox 698 900 732 958; x_wconf 88' lang='lat' dir='ltr'>in</span> <span class='ocrx_word' id='word_1_61' title='bbox 763 899 980 977; x_wconf 78' lang='lat' dir='ltr'>Psychologia</span> <span class='ocrx_word' id='word_1_62' title='bbox 1012 897 1054 958; x_wconf 90' lang='lat' dir='ltr'>ad</span> <span class='ocrx_word' id='word_1_63' title='bbox 1087 897 1228 969; x_wconf 68' lang='lat' dir='ltr'>exiguum</span> 
     </span>
     <span class='ocr_line' id='line_1_10' title="bbox 230 983 606 1056; baseline 0.005 -18"><span class='ocrx_word' id='word_1_64' title='bbox 230 983 436 1040; x_wconf 84' lang='lat' dir='ltr'>momentum</span> <span class='ocrx_word' id='word_1_65' title='bbox 457 983 606 1056; x_wconf 88' lang='lat' dir='ltr'>prosunt.</span> 
     </span>
    </p>
   </div>
   <div class='ocr_carea' id='block_1_3' title="bbox 542 1097 934 1160">
    <p class='ocr_par' dir='ltr' id='par_1_5' title="bbox 542 1097 934 1160">
     <span class='ocr_line' id='line_1_11' title="bbox 542 1097 934 1160; baseline 0 -14"><span class='ocrx_word' id='word_1_66' title='bbox 542 1099 577 1149; x_wconf 93' lang='grc'>11.</span> <span class='ocrx_word' id='word_1_67' title='bbox 589 1099 628 1148; x_wconf 89' lang='lat' dir='ltr'>De</span> <span class='ocrx_word' id='word_1_68' title='bbox 642 1098 756 1148; x_wconf 74' lang='lat' dir='ltr'>semibus</span> <span class='ocrx_word' id='word_1_69' title='bbox 768 1097 877 1147; x_wconf 86' lang='lat' dir='ltr'>internis</span> <span class='ocrx_word' id='word_1_70' title='bbox 891 1098 934 1160; x_wconf 74' lang='lat' dir='ltr'>(l).</span> 
     </span>
    </p>
   </div>
   <div class='ocr_carea' id='block_1_4' title="bbox 196 1211 1291 3288">
    <p class='ocr_par' dir='ltr' id='par_1_6' title="bbox 196 1211 1230 1452">
     <span class='ocr_line' id='line_1_12' title="bbox 275 1211 1228 1290; baseline -0.002 -16"><span class='ocrx_word' id='word_1_71' title='bbox 275 1213 342 1274; x_wconf 82' lang='lat'>165.</span> <span class='ocrx_word' id='word_1_72' title='bbox 373 1247 410 1256; x_wconf 89' lang='lat'><em>-</em></span> <span class='ocrx_word' id='word_1_73' title='bbox 440 1213 587 1288; x_wconf 84' lang='lat' dir='ltr'>Quatuor</span> <span class='ocrx_word' id='word_1_74' title='bbox 621 1219 710 1284; x_wconf 89' lang='lat' dir='ltr'>sunt,</span> <span class='ocrx_word' id='word_1_75' title='bbox 744 1218 782 1274; x_wconf 89' lang='lat' dir='ltr'>ut</span> <span class='ocrx_word' id='word_1_76' title='bbox 815 1211 914 1274; x_wconf 89' lang='lat' dir='ltr'>modo</span> <span class='ocrx_word' id='word_1_77' title='bbox 946 1212 1099 1290; x_wconf 80' lang='lat' dir='ltr'>diximus,</span> <span class='ocrx_word' id='word_1_78' title='bbox 1129 1213 1228 1272; x_wconf 87' lang='lat' dir='ltr'>anima</span> 
     </span>
     <span class='ocr_line' id='line_1_13' title="bbox 231 1291 1229 1355; baseline -0.003 -2"><span class='ocrx_word' id='word_1_79' title='bbox 231 1295 392 1354; x_wconf 76' lang='lat' dir='ltr'>sensitiva</span> <span class='ocrx_word' id='word_1_80' title='bbox 406 1293 579 1355; x_wconf 84' lang='lat' dir='ltr'>interiores</span> <span class='ocrx_word' id='word_1_81' title='bbox 594 1291 679 1354; x_wconf 89' lang='lat' dir='ltr'>vires</span> <span class='ocrx_word' id='word_1_82' title='bbox 696 1314 702 1354; x_wconf 92' lang='lat'>:</span> <span class='ocrx_word' id='word_1_83' title='bbox 720 1311 838 1354; x_wconf 90' lang='lat' dir='ltr'>sensus</span> <span class='ocrx_word' id='word_1_84' title='bbox 858 1295 1042 1353; x_wconf 91' lang='lat' dir='ltr'>communis</span> <span class='ocrx_word' id='word_1_85' title='bbox 1061 1309 1123 1351; x_wconf 92' lang='lat' dir='ltr'>seu</span> <span class='ocrx_word' id='word_1_86' title='bbox 1143 1293 1229 1351; x_wconf 88' lang='lat' dir='ltr'>inter·</span> 
     </span>
     <span class='ocr_line' id='line_1_14' title="bbox 196 1372 1230 1452; baseline -0.001 -20"><span class='ocrx_word' id='word_1_87' title='bbox 196 1389 202 1396; x_wconf 73' lang='grc'><strong>’</strong></span> <span class='ocrx_word' id='word_1_88' title='bbox 232 1389 306 1442; x_wconf 89' lang='lat' dir='ltr'>nus,</span> <span class='ocrx_word' id='word_1_89' title='bbox 330 1374 502 1448; x_wconf 78' lang='lat' dir='ltr'>phantasia</span> <span class='ocrx_word' id='word_1_90' title='bbox 524 1389 585 1433; x_wconf 88' lang='lat' dir='ltr'>seu</span> <span class='ocrx_word' id='word_1_91' title='bbox 605 1374 807 1452; x_wconf 70' lang='lat' dir='ltr'>imaginatio</span> <span class='ocrx_word' id='word_1_92' title='bbox 833 1372 1027 1433; x_wconf 66' lang='lat' dir='ltr'>aestimativa</span> <span class='ocrx_word' id='word_1_93' title='bbox 1048 1373 1230 1448; x_wconf 62' lang='grc'><strong>666666116-</strong></span> 
     </span>
    </p>

    <p class='ocr_par' dir='ltr' id='par_1_7' title="bbox 231 1451 659 1532">
     <span class='ocr_line' id='line_1_15' title="bbox 231 1451 659 1532; baseline 0.002 -21"><span class='ocrx_word' id='word_1_94' title='bbox 231 1453 306 1526; x_wconf 87' lang='lat' dir='ltr'>tiva,</span> <span class='ocrx_word' id='word_1_95' title='bbox 331 1459 363 1512; x_wconf 91' lang='lat' dir='ltr'>et</span> <span class='ocrx_word' id='word_1_96' title='bbox 384 1454 599 1514; x_wconf 82' lang='lat' dir='ltr'>memorativa</span> <span class='ocrx_word' id='word_1_97' title='bbox 614 1451 659 1532; x_wconf 83' lang='grc'>(6)</span> 
     </span>
    </p>

    <p class='ocr_par' dir='ltr' id='par_1_8' title="bbox 208 1531 1234 2730">
     <span class='ocr_line' id='line_1_16' title="bbox 273 1531 1231 1609; baseline -0.004 -17"><span class='ocrx_word' id='word_1_98' title='bbox 273 1534 631 1592; x_wconf 67' lang='grc'><strong>10116666611616666.</strong></span> <span class='ocrx_word' id='word_1_99' title='bbox 653 1534 775 1592; x_wconf 83' lang='lat' dir='ltr'>-Praeter</span> <span class='ocrx_word' id='word_1_100' title='bbox 796 1548 913 1593; x_wconf 89' lang='lat' dir='ltr'>sensus</span> <span class='ocrx_word' id='word_1_101' title='bbox 936 1537 1103 1609; x_wconf 75' lang='lat' dir='ltr'>antemos,</span> <span class='ocrx_word' id='word_1_102' title='bbox 1128 1533 1182 1608; x_wconf 87' lang='lat' dir='ltr'>qui</span> <span class='ocrx_word' id='word_1_103' title='bbox 1205 1531 1231 1589; x_wconf 93' lang='lat' dir='ltr'>in</span> 
     </span>
     <span class='ocr_line' id='line_1_17' title="bbox 208 1611 1232 1690; baseline -0.002 -18"><span class='ocrx_word' id='word_1_104' title='bbox 208 1631 209 1634; x_wconf 45' lang='lat'>¹</span> <span class='ocrx_word' id='word_1_105' title='bbox 232 1611 439 1690; x_wconf 86' lang='lat' dir='ltr'>objectorum</span> <span class='ocrx_word' id='word_1_106' title='bbox 462 1615 675 1672; x_wconf 88' lang='lat' dir='ltr'>externorum</span> <span class='ocrx_word' id='word_1_107' title='bbox 695 1612 844 1672; x_wconf 86' lang='lat' dir='ltr'>notitiam</span> <span class='ocrx_word' id='word_1_108' title='bbox 866 1629 926 1674; x_wconf 94' lang='lat' dir='ltr'>nos</span> <span class='ocrx_word' id='word_1_109' title='bbox 949 1611 1129 1683; x_wconf 88' lang='lat' dir='ltr'>adducunt,</span> <span class='ocrx_word' id='word_1_110' title='bbox 1146 1611 1232 1671; x_wconf 90' lang='lat' dir='ltr'>habe-</span> 
     </span>
     <span class='ocr_line' id='line_1_18' title="bbox 230 1689 1234 1769; baseline -0.002 -17"><span class='ocrx_word' id='word_1_111' title='bbox 230 1708 304 1753; x_wconf 89' lang='lat' dir='ltr'>mus</span> <span class='ocrx_word' id='word_1_112' title='bbox 337 1692 435 1752; x_wconf 89' lang='lat' dir='ltr'>eliam</span> <span class='ocrx_word' id='word_1_113' title='bbox 465 1689 655 1752; x_wconf 83' lang='lat' dir='ltr'>facultatem</span> <span class='ocrx_word' id='word_1_114' title='bbox 686 1709 750 1769; x_wconf 88' lang='lat' dir='ltr'>qua</span> <span class='ocrx_word' id='word_1_115' title='bbox 781 1694 987 1753; x_wconf 90' lang='lat' dir='ltr'>sensationes</span> <span class='ocrx_word' id='word_1_116' title='bbox 1023 1695 1175 1750; x_wconf 88' lang='lat' dir='ltr'>externas</span> <span class='ocrx_word' id='word_1_117' title='bbox 1204 1698 1234 1751; x_wconf 87' lang='lat' dir='ltr'>ut</span> 
     </span>
     <span class='ocr_line' id='line_1_19' title="bbox 230 1771 1232 1849; baseline -0.001 -18"><span class='ocrx_word' id='word_1_118' title='bbox 230 1777 358 1832; x_wconf 86' lang='lat' dir='ltr'>nostras</span> <span class='ocrx_word' id='word_1_119' title='bbox 390 1773 587 1849; x_wconf 81' lang='lat' dir='ltr'>experimur,</span> <span class='ocrx_word' id='word_1_120' title='bbox 622 1789 804 1849; x_wconf 87' lang='lat' dir='ltr'>earumque</span> <span class='ocrx_word' id='word_1_121' title='bbox 840 1773 1065 1833; x_wconf 85' lang='lat' dir='ltr'>diversitatem</span> <span class='ocrx_word' id='word_1_122' title='bbox 1101 1771 1232 1830; x_wconf 92' lang='lat' dir='ltr'>adverti·</span> 
     </span>
     <span class='ocr_line' id='line_1_20' title="bbox 230 1851 1233 1923; baseline 0 -13"><span class='ocrx_word' id='word_1_123' title='bbox 230 1867 315 1912; x_wconf 93' lang='lat' dir='ltr'>mus.</span> <span class='ocrx_word' id='word_1_124' title='bbox 339 1852 431 1922; x_wconf 89' lang='lat' dir='ltr'>Nam,</span> <span class='ocrx_word' id='word_1_125' title='bbox 455 1857 490 1911; x_wconf 92' lang='grc'>61</span> <span class='ocrx_word' id='word_1_126' title='bbox 512 1855 556 1912; x_wconf 84' lang='grc'>611</span> <span class='ocrx_word' id='word_1_127' title='bbox 577 1854 609 1912; x_wconf 86' lang='lat' dir='ltr'>S.</span> <span class='ocrx_word' id='word_1_128' title='bbox 633 1854 785 1923; x_wconf 79' lang='lat' dir='ltr'>Thomas,</span> <span class='ocrx_word' id='word_1_129' title='bbox 814 1876 826 1905; x_wconf 84' lang='lat'>‹</span> <span class='ocrx_word' id='word_1_130' title='bbox 858 1869 926 1912; x_wconf 91' lang='lat' dir='ltr'>nou</span> <span class='ocrx_word' id='word_1_131' title='bbox 958 1851 1064 1911; x_wconf 88' lang='lat' dir='ltr'>solum</span> <span class='ocrx_word' id='word_1_132' title='bbox 1091 1852 1233 1911; x_wconf 88' lang='lat' dir='ltr'>albuma</span> 
     </span>
     <span class='ocr_line' id='line_1_21' title="bbox 229 1930 1232 2009; baseline -0.002 -18"><span class='ocrx_word' id='word_1_133' title='bbox 229 1931 337 2009; x_wconf 83' lang='lat' dir='ltr'>nigro,</span> <span class='ocrx_word' id='word_1_134' title='bbox 360 1931 412 1990; x_wconf 89' lang='lat' dir='ltr'>vel</span> <span class='ocrx_word' id='word_1_135' title='bbox 435 1931 531 1992; x_wconf 88' lang='lat' dir='ltr'>dulce</span> <span class='ocrx_word' id='word_1_136' title='bbox 554 1934 594 1993; x_wconf 88' lang='lat' dir='ltr'>ab</span> <span class='ocrx_word' id='word_1_137' title='bbox 618 1949 741 2002; x_wconf 89' lang='lat' dir='ltr'>amaro,</span> <span class='ocrx_word' id='word_1_138' title='bbox 765 1932 826 1993; x_wconf 90' lang='lat' dir='ltr'>sed</span> <span class='ocrx_word' id='word_1_139' title='bbox 848 1933 947 1991; x_wconf 88' lang='lat' dir='ltr'>etiam</span> <span class='ocrx_word' id='word_1_140' title='bbox 968 1932 1081 1991; x_wconf 88' lang='lat' dir='ltr'>album</span> <span class='ocrx_word' id='word_1_141' title='bbox 1102 1947 1122 1990; x_wconf 89' lang='lat' dir='ltr'>a</span> <span class='ocrx_word' id='word_1_142' title='bbox 1144 1930 1232 2003; x_wconf 85' lang='lat' dir='ltr'>dulci,</span> 
     </span>
     <span class='ocr_line' id='line_1_22' title="bbox 230 2012 1232 2088; baseline -0.001 -17"><span class='ocrx_word' id='word_1_143' title='bbox 230 2014 264 2071; x_wconf 88' lang='lat' dir='ltr'>et</span> <span class='ocrx_word' id='word_1_144' title='bbox 276 2012 539 2088; x_wconf 86' lang='lat' dir='ltr'>unumquodque</span> <span class='ocrx_word' id='word_1_145' title='bbox 555 2013 709 2073; x_wconf 84' lang='lat' dir='ltr'>sensibile</span> <span class='ocrx_word' id='word_1_146' title='bbox 726 2012 942 2074; x_wconf 85' lang='lat' dir='ltr'>discernimus</span> <span class='ocrx_word' id='word_1_147' title='bbox 964 2012 1004 2070; x_wconf 90' lang='lat' dir='ltr'>ab</span> <span class='ocrx_word' id='word_1_148' title='bbox 1026 2026 1232 2088; x_wconf 68' lang='lat' dir='ltr'>unoquoque,</span> 
     </span>
     <span class='ocr_line' id='line_1_23' title="bbox 230 2089 1232 2168; baseline -0.001 -18"><span class='ocrx_word' id='word_1_149' title='bbox 230 2095 264 2151; x_wconf 89' lang='lat' dir='ltr'>et</span> <span class='ocrx_word' id='word_1_150' title='bbox 278 2093 438 2152; x_wconf 89' lang='lat' dir='ltr'>sentimus</span> <span class='ocrx_word' id='word_1_151' title='bbox 454 2091 544 2168; x_wconf 85' lang='lat' dir='ltr'>quod</span> <span class='ocrx_word' id='word_1_152' title='bbox 560 2091 717 2152; x_wconf 82' lang='lat' dir='ltr'>differunt</span> <span class='ocrx_word' id='word_1_153' title='bbox 734 2117 760 2153; x_wconf 84' lang='lat'>».</span> <span class='ocrx_word' id='word_1_154' title='bbox 778 2093 857 2151; x_wconf 88' lang='lat' dir='ltr'>llinc</span> <span class='ocrx_word' id='word_1_155' title='bbox 874 2091 1025 2151; x_wconf 86' lang='lat' dir='ltr'>existitin</span> <span class='ocrx_word' id='word_1_156' title='bbox 1037 2089 1232 2150; x_wconf 90' lang='lat' dir='ltr'>nobisfacul·</span> 
     </span>
     <span class='ocr_line' id='line_1_24' title="bbox 228 2171 1232 2248; baseline 0 -18"><span class='ocrx_word' id='word_1_157' title='bbox 228 2177 278 2230; x_wconf 88' lang='lat' dir='ltr'>tas</span> <span class='ocrx_word' id='word_1_158' title='bbox 310 2171 462 2248; x_wconf 84' lang='lat' dir='ltr'>quaedam</span> <span class='ocrx_word' id='word_1_159' title='bbox 494 2172 649 2232; x_wconf 87' lang='lat' dir='ltr'>sensitiva</span> <span class='ocrx_word' id='word_1_160' title='bbox 681 2189 700 2232; x_wconf 91' lang='lat' dir='ltr'>a</span> <span class='ocrx_word' id='word_1_161' title='bbox 731 2172 878 2248; x_wconf 82' lang='lat' dir='ltr'>quinque</span> <span class='ocrx_word' id='word_1_162' title='bbox 909 2171 1061 2231; x_wconf 83' lang='lat' dir='ltr'>sensibus</span> <span class='ocrx_word' id='word_1_163' title='bbox 1100 2171 1232 2230; x_wconf 89' lang='lat' dir='ltr'>externis</span> 
     </span>
     <span class='ocr_line' id='line_1_25' title="bbox 228 2249 1231 2328; baseline 0 -18"><span class='ocrx_word' id='word_1_164' title='bbox 228 2249 366 2322; x_wconf 90' lang='lat' dir='ltr'>diversa,</span> <span class='ocrx_word' id='word_1_165' title='bbox 389 2267 460 2328; x_wconf 85' lang='lat' dir='ltr'>quae</span> <span class='ocrx_word' id='word_1_166' title='bbox 483 2257 593 2314; x_wconf 87' lang='lat' dir='ltr'>tamen</span> <span class='ocrx_word' id='word_1_167' title='bbox 617 2268 689 2311; x_wconf 88' lang='lat' dir='ltr'>cum</span> <span class='ocrx_word' id='word_1_168' title='bbox 709 2251 788 2328; x_wconf 93' lang='lat' dir='ltr'>ipsis</span> <span class='ocrx_word' id='word_1_169' title='bbox 810 2252 957 2312; x_wconf 89' lang='lat' dir='ltr'>intimam</span> <span class='ocrx_word' id='word_1_170' title='bbox 978 2251 1080 2311; x_wconf 91' lang='lat' dir='ltr'>habet</span> <span class='ocrx_word' id='word_1_171' title='bbox 1098 2266 1231 2311; x_wconf 89' lang='lat' dir='ltr'>commu-</span> 
     </span>
     <span class='ocr_line' id='line_1_26' title="bbox 227 2330 1231 2410; baseline 0 -20"><span class='ocrx_word' id='word_1_172' title='bbox 227 2330 439 2390; x_wconf 87' lang='lat' dir='ltr'>nicationem.</span> <span class='ocrx_word' id='word_1_173' title='bbox 462 2332 517 2392; x_wconf 92' lang='lat' dir='ltr'>llle</span> <span class='ocrx_word' id='word_1_174' title='bbox 537 2348 668 2401; x_wconf 88' lang='lat' dir='ltr'>sensus,</span> <span class='ocrx_word' id='word_1_175' title='bbox 693 2331 788 2410; x_wconf 86' lang='lat' dir='ltr'>cujus</span> <span class='ocrx_word' id='word_1_176' title='bbox 811 2333 1019 2392; x_wconf 83' lang='lat' dir='ltr'>existentiam</span> <span class='ocrx_word' id='word_1_177' title='bbox 1040 2332 1231 2406; x_wconf 84' lang='lat' dir='ltr'>experientia</span> 
     </span>
     <span class='ocr_line' id='line_1_27' title="bbox 229 2409 1230 2487; baseline -0.003 -17"><span class='ocrx_word' id='word_1_178' title='bbox 229 2410 316 2471; x_wconf 87' lang='lat' dir='ltr'>clare</span> <span class='ocrx_word' id='word_1_179' title='bbox 338 2409 503 2486; x_wconf 86' lang='lat' dir='ltr'>patefacit,</span> <span class='ocrx_word' id='word_1_180' title='bbox 520 2413 1021 2487; x_wconf 77' lang='grc'><strong>666666616166616616161666,</strong></span> <span class='ocrx_word' id='word_1_181' title='bbox 1037 2427 1144 2471; x_wconf 83' lang='lat' dir='ltr'>sensus</span> <span class='ocrx_word' id='word_1_182' title='bbox 1157 2426 1230 2470; x_wconf 87' lang='grc'><strong>666-</strong></span> 
     </span>
     <span class='ocr_line' id='line_1_28' title="bbox 228 2489 1230 2566; baseline -0.002 -16"><span class='ocrx_word' id='word_1_183' title='bbox 228 2493 344 2562; x_wconf 73' lang='lat' dir='ltr'>munis,</span> <span class='ocrx_word' id='word_1_184' title='bbox 370 2495 426 2550; x_wconf 88' lang='lat' dir='ltr'>aut</span> <span class='ocrx_word' id='word_1_185' title='bbox 449 2492 548 2552; x_wconf 89' lang='lat' dir='ltr'>etiam</span> <span class='ocrx_word' id='word_1_186' title='bbox 568 2510 677 2553; x_wconf 76' lang='grc'><strong>666661</strong></span> <span class='ocrx_word' id='word_1_187' title='bbox 697 2494 838 2551; x_wconf 72' lang='lat' dir='ltr'>intimos.</span> <span class='ocrx_word' id='word_1_188' title='bbox 864 2491 1008 2566; x_wconf 81' lang='lat' dir='ltr'>Respicit</span> <span class='ocrx_word' id='word_1_189' title='bbox 1032 2489 1117 2549; x_wconf 89' lang='lat' dir='ltr'>facta</span> <span class='ocrx_word' id='word_1_190' title='bbox 1139 2491 1230 2550; x_wconf 87' lang='lat' dir='ltr'>inter-</span> 
     </span>
     <span class='ocr_line' id='line_1_29' title="bbox 228 2572 1229 2648; baseline 0 -18"><span class='ocrx_word' id='word_1_191' title='bbox 228 2585 281 2639; x_wconf 88' lang='lat' dir='ltr'>na,</span> <span class='ocrx_word' id='word_1_192' title='bbox 319 2586 435 2632; x_wconf 90' lang='lat' dir='ltr'>omnes</span> <span class='ocrx_word' id='word_1_193' title='bbox 469 2572 678 2648; x_wconf 86' lang='lat' dir='ltr'>operationes</span> <span class='ocrx_word' id='word_1_194' title='bbox 709 2588 868 2631; x_wconf 89' lang='lat' dir='ltr'>sensuum</span> <span class='ocrx_word' id='word_1_195' title='bbox 901 2575 1121 2638; x_wconf 87' lang='lat' dir='ltr'>externorum,</span> <span class='ocrx_word' id='word_1_196' title='bbox 1157 2585 1229 2646; x_wconf 84' lang='lat' dir='ltr'>quas</span> 
     </span>
     <span class='ocr_line' id='line_1_30' title="bbox 215 2647 1227 2730; baseline 0.001 -22"><span class='ocrx_word' id='word_1_197' title='bbox 215 2647 331 2711; x_wconf 89' lang='grc'><strong>-161611</strong></span> <span class='ocrx_word' id='word_1_198' title='bbox 353 2656 509 2727; x_wconf 86' lang='lat' dir='ltr'>tanquam</span> <span class='ocrx_word' id='word_1_199' title='bbox 530 2653 562 2711; x_wconf 93' lang='lat' dir='ltr'>in</span> <span class='ocrx_word' id='word_1_200' title='bbox 585 2651 735 2730; x_wconf 86' lang='lat' dir='ltr'>subjecto</span> <span class='ocrx_word' id='word_1_201' title='bbox 758 2652 922 2711; x_wconf 89' lang='lat' dir='ltr'>sentiente</span> <span class='ocrx_word' id='word_1_202' title='bbox 950 2659 1025 2710; x_wconf 89' lang='lat' dir='ltr'>actu</span> <span class='ocrx_word' id='word_1_203' title='bbox 1048 2651 1227 2710; x_wconf 88' lang='lat' dir='ltr'>existentes.</span> 
     </span>
    </p>

    <p class='ocr_par' dir='ltr' id='par_1_9' title="bbox 224 2728 1291 3288">
     <span class='ocr_line' id='line_1_31' title="bbox 270 2728 1227 2808; baseline 0.002 -20"><span class='ocrx_word' id='word_1_204' title='bbox 270 2729 336 2789; x_wconf 90' lang='lat' dir='ltr'>Sed</span> <span class='ocrx_word' id='word_1_205' title='bbox 357 2732 390 2790; x_wconf 93' lang='lat' dir='ltr'>in</span> <span class='ocrx_word' id='word_1_206' title='bbox 410 2728 504 2790; x_wconf 82' lang='lat' dir='ltr'>factis</span> <span class='ocrx_word' id='word_1_207' title='bbox 525 2731 663 2793; x_wconf 90' lang='lat' dir='ltr'>internis</span> <span class='ocrx_word' id='word_1_208' title='bbox 696 2732 817 2807; x_wconf 82' lang='lat' dir='ltr'>duplex</span> <span class='ocrx_word' id='word_1_209' title='bbox 841 2731 1051 2808; x_wconf 81' lang='lat' dir='ltr'>distinguitur</span> <span class='ocrx_word' id='word_1_210' title='bbox 1072 2731 1164 2798; x_wconf 88' lang='lat' dir='ltr'>ordo,</span> <span class='ocrx_word' id='word_1_211' title='bbox 1185 2732 1227 2790; x_wconf 90' lang='lat' dir='ltr'>ni·</span> 
     </span>
     <span class='ocr_line' id='line_1_32' title="bbox 228 2806 1291 2889; baseline -0.001 -20"><span class='ocrx_word' id='word_1_212' title='bbox 228 2809 358 2880; x_wconf 90' lang='lat' dir='ltr'>mirum,</span> <span class='ocrx_word' id='word_1_213' title='bbox 384 2813 413 2871; x_wconf 83' lang='grc' dir='ltr'>1ο</span> <span class='ocrx_word' id='word_1_214' title='bbox 433 2806 519 2870; x_wconf 87' lang='lat' dir='ltr'>facta</span> <span class='ocrx_word' id='word_1_215' title='bbox 542 2816 713 2889; x_wconf 88' lang='lat' dir='ltr'>quaesunt</span> <span class='ocrx_word' id='word_1_216' title='bbox 734 2812 835 2871; x_wconf 91' lang='lat' dir='ltr'>solius</span> <span class='ocrx_word' id='word_1_217' title='bbox 858 2812 955 2872; x_wconf 89' lang='lat' dir='ltr'>animi</span> <span class='ocrx_word' id='word_1_218' title='bbox 978 2810 1121 2886; x_wconf 84' lang='lat' dir='ltr'>propria,</span> <span class='ocrx_word' id='word_1_219' title='bbox 1148 2814 1230 2869; x_wconf 87' lang='lat' dir='ltr'>actus</span> <span class='ocrx_word' id='word_1_220' title='bbox 1289 2874 1291 2883; x_wconf 58' lang='grc'>,</span> 
     </span>
     <span class='ocr_line' id='line_1_33' title="bbox 227 2885 1291 2966; baseline -0.002 -16"><span class='ocrx_word' id='word_1_221' title='bbox 227 2904 350 2966; x_wconf 90' lang='lat' dir='ltr'>nempe</span> <span class='ocrx_word' id='word_1_222' title='bbox 371 2889 558 2951; x_wconf 90' lang='lat' dir='ltr'>intellectus</span> <span class='ocrx_word' id='word_1_223' title='bbox 591 2899 622 2952; x_wconf 88' lang='lat' dir='ltr'>et</span> <span class='ocrx_word' id='word_1_224' title='bbox 652 2893 842 2963; x_wconf 74' lang='lat' dir='ltr'>voluntatis</span> <span class='ocrx_word' id='word_1_225' title='bbox 875 2893 907 2951; x_wconf 75' lang='lat'>2⁰</span> <span class='ocrx_word' id='word_1_226' title='bbox 929 2890 1121 2955; x_wconf 80' lang='lat' dir='ltr'>affectiones</span> <span class='ocrx_word' id='word_1_227' title='bbox 1141 2890 1230 2949; x_wconf 85' lang='lat' dir='ltr'>totius</span> <span class='ocrx_word' id='word_1_228' title='bbox 1289 2885 1291 2962; x_wconf 81' lang='grc'>1</span> 
     </span>
     <span class='ocr_line' id='line_1_34' title="bbox 227 2969 1230 3047; baseline 0 -19"><span class='ocrx_word' id='word_1_229' title='bbox 227 2969 410 3046; x_wconf 90' lang='lat' dir='ltr'>compositi.</span> <span class='ocrx_word' id='word_1_230' title='bbox 435 2972 481 3029; x_wconf 91' lang='lat' dir='ltr'>De</span> <span class='ocrx_word' id='word_1_231' title='bbox 503 2986 605 3031; x_wconf 88' lang='lat' dir='ltr'>sensu</span> <span class='ocrx_word' id='word_1_232' title='bbox 625 2973 679 3033; x_wconf 91' lang='lat' dir='ltr'>illo</span> <span class='ocrx_word' id='word_1_233' title='bbox 701 2972 860 3041; x_wconf 88' lang='lat' dir='ltr'>interiori,</span> <span class='ocrx_word' id='word_1_234' title='bbox 883 2987 948 3047; x_wconf 86' lang='lat' dir='ltr'>quo</span> <span class='ocrx_word' id='word_1_235' title='bbox 972 2970 1134 3030; x_wconf 83' lang='lat' dir='ltr'>sentimus</span> <span class='ocrx_word' id='word_1_236' title='bbox 1148 2973 1230 3028; x_wconf 88' lang='lat' dir='ltr'>actus</span> 
     </span>
     <span class='ocr_line' id='line_1_35' title="bbox 227 3049 1228 3128; baseline -0.001 -19"><span class='ocrx_word' id='word_1_237' title='bbox 227 3063 367 3126; x_wconf 88' lang='lat' dir='ltr'>quorum</span> <span class='ocrx_word' id='word_1_238' title='bbox 390 3049 577 3125; x_wconf 83' lang='lat' dir='ltr'>subjectum</span> <span class='ocrx_word' id='word_1_239' title='bbox 600 3055 649 3111; x_wconf 90' lang='lat' dir='ltr'>est</span> <span class='ocrx_word' id='word_1_240' title='bbox 681 3053 911 3126; x_wconf 85' lang='lat' dir='ltr'>compositum,</span> <span class='ocrx_word' id='word_1_241' title='bbox 940 3052 993 3110; x_wconf 90' lang='lat' dir='ltr'>bic</span> <span class='ocrx_word' id='word_1_242' title='bbox 1014 3051 1132 3128; x_wconf 83' lang='lat' dir='ltr'>agitur.</span> <span class='ocrx_word' id='word_1_243' title='bbox 1155 3049 1228 3109; x_wconf 88' lang='lat' dir='ltr'>Sen-</span> 
     </span>
     <span class='ocr_line' id='line_1_36' title="bbox 224 3129 1226 3208; baseline 0.001 -20"><span class='ocrx_word' id='word_1_244' title='bbox 224 3143 282 3188; x_wconf 91' lang='lat' dir='ltr'>sus</span> <span class='ocrx_word' id='word_1_245' title='bbox 296 3129 429 3190; x_wconf 90' lang='lat' dir='ltr'>intimus</span> <span class='ocrx_word' id='word_1_246' title='bbox 444 3131 594 3205; x_wconf 88' lang='lat' dir='ltr'>superior</span> <span class='ocrx_word' id='word_1_247' title='bbox 609 3131 673 3192; x_wconf 91' lang='lat' dir='ltr'>dici</span> <span class='ocrx_word' id='word_1_248' title='bbox 694 3132 811 3208; x_wconf 88' lang='lat' dir='ltr'>nequit</span> <span class='ocrx_word' id='word_1_249' title='bbox 831 3147 949 3192; x_wconf 90' lang='lat' dir='ltr'>sensus</span> <span class='ocrx_word' id='word_1_250' title='bbox 964 3131 1097 3207; x_wconf 91' lang='lat' dir='ltr'>proprie</span> <span class='ocrx_word' id='word_1_251' title='bbox 1120 3129 1226 3200; x_wconf 76' lang='lat' dir='ltr'>dictus</span> 
     </span>
     <span class='ocr_line' id='line_1_37' title="bbox 224 3207 957 3288; baseline 0.005 -20"><span class='ocrx_word' id='word_1_252' title='bbox 224 3207 301 3270; x_wconf 91' lang='lat' dir='ltr'>ideo</span> <span class='ocrx_word' id='word_1_253' title='bbox 324 3209 397 3286; x_wconf 87' lang='lat' dir='ltr'>quia</span> <span class='ocrx_word' id='word_1_254' title='bbox 423 3215 472 3269; x_wconf 89' lang='lat' dir='ltr'>est</span> <span class='ocrx_word' id='word_1_255' title='bbox 493 3207 631 3273; x_wconf 87' lang='lat' dir='ltr'>facultas</span> <span class='ocrx_word' id='word_1_256' title='bbox 653 3227 745 3272; x_wconf 91' lang='lat' dir='ltr'>mere</span> <span class='ocrx_word' id='word_1_257' title='bbox 768 3211 957 3288; x_wconf 87' lang='lat' dir='ltr'>spiritualis.</span> 
     </span>
    </p>
   </div>
   <div class='ocr_carea' id='block_1_5' title="bbox 256 3337 1007 3406">
    <p class='ocr_par' dir='ltr' id='par_1_10' title="bbox 256 3337 1007 3406">
     <span class='ocr_line' id='line_1_38' title="bbox 256 3337 1007 3406; baseline 0.003 -20"><span class='ocrx_word' id='word_1_258' title='bbox 256 3337 291 3404; x_wconf 87' lang='lat' dir='ltr'>(l)</span> <span class='ocrx_word' id='word_1_259' title='bbox 305 3337 365 3390; x_wconf 88' lang='lat' dir='ltr'>Vid.</span> <span class='ocrx_word' id='word_1_260' title='bbox 381 3341 410 3390; x_wconf 87' lang='lat' dir='ltr'>S.</span> <span class='ocrx_word' id='word_1_261' title='bbox 429 3339 521 3390; x_wconf 85' lang='lat' dir='ltr'>Thom.</span> <span class='ocrx_word' id='word_1_262' title='bbox 536 3342 557 3390; x_wconf 65' lang='lat'>1³</span> <span class='ocrx_word' id='word_1_263' title='bbox 571 3359 595 3406; x_wconf 88' lang='lat' dir='ltr'>p.</span> <span class='ocrx_word' id='word_1_264' title='bbox 611 3357 636 3405; x_wconf 86' lang='lat' dir='ltr'>q.</span> <span class='ocrx_word' id='word_1_265' title='bbox 650 3341 682 3390; x_wconf 81' lang='lat'>78</span> <span class='ocrx_word' id='word_1_266' title='bbox 695 3358 710 3390; x_wconf 87' lang='lat' dir='ltr'>a</span> <span class='ocrx_word' id='word_1_267' title='bbox 725 3342 755 3401; x_wconf 78' lang='lat'>4;</span> <span class='ocrx_word' id='word_1_268' title='bbox 770 3357 795 3406; x_wconf 87' lang='lat' dir='ltr'>q.</span> <span class='ocrx_word' id='word_1_269' title='bbox 814 3341 858 3389; x_wconf 91' lang='grc'>111</span> <span class='ocrx_word' id='word_1_270' title='bbox 874 3357 897 3390; x_wconf 87' lang='lat' dir='ltr'>a.</span> <span class='ocrx_word' id='word_1_271' title='bbox 915 3341 943 3401; x_wconf 80' lang='lat'>33</span> <span class='ocrx_word' id='word_1_272' title='bbox 958 3345 1007 3390; x_wconf 90' lang='lat' dir='ltr'>etc.</span> 
     </span>
    </p>
   </div>
   <div class='ocr_carea' id='block_1_6' title="bbox 223 3437 1227 3687">
    <p class='ocr_par' dir='ltr' id='par_1_11' title="bbox 223 3437 1227 3687">
     <span class='ocr_line' id='line_1_39' title="bbox 225 3437 1227 3506; baseline 0.001 -22"><span class='ocrx_word' id='word_1_273' title='bbox 225 3497 230 3506; x_wconf 32' lang='lat'><strong>¹</strong></span> <span class='ocrx_word' id='word_1_274' title='bbox 257 3438 293 3500; x_wconf 79' lang='lat' dir='ltr'>(a)</span> <span class='ocrx_word' id='word_1_275' title='bbox 307 3438 471 3487; x_wconf 83' lang='lat' dir='ltr'>Recentiores</span> <span class='ocrx_word' id='word_1_276' title='bbox 485 3454 615 3503; x_wconf 85' lang='lat' dir='ltr'>praecones</span> <span class='ocrx_word' id='word_1_277' title='bbox 630 3440 800 3503; x_wconf 70' lang='grc' dir='ltr'><strong>6666661116τί</strong></span> <span class='ocrx_word' id='word_1_278' title='bbox 814 3439 944 3488; x_wconf 81' lang='lat' dir='ltr'>animalis</span> <span class='ocrx_word' id='word_1_279' title='bbox 962 3441 1095 3487; x_wconf 86' lang='lat' dir='ltr'>autumant</span> <span class='ocrx_word' id='word_1_280' title='bbox 1107 3437 1169 3486; x_wconf 86' lang='lat' dir='ltr'>alias</span> <span class='ocrx_word' id='word_1_281' title='bbox 1180 3452 1227 3485; x_wconf 86' lang='lat' dir='ltr'>esse</span> 
     </span>
     <span class='ocr_line' id='line_1_40' title="bbox 223 3499 1227 3563; baseline 0.001 -18"><span class='ocrx_word' id='word_1_282' title='bbox 223 3512 252 3545; x_wconf 88' lang='grc'>16</span> <span class='ocrx_word' id='word_1_283' title='bbox 266 3499 369 3547; x_wconf 87' lang='lat' dir='ltr'>homine</span> <span class='ocrx_word' id='word_1_284' title='bbox 382 3499 518 3548; x_wconf 78' lang='lat' dir='ltr'>facultates</span> <span class='ocrx_word' id='word_1_285' title='bbox 532 3500 644 3549; x_wconf 86' lang='lat' dir='ltr'>internas</span> <span class='ocrx_word' id='word_1_286' title='bbox 659 3502 781 3549; x_wconf 87' lang='lat' dir='ltr'>hactenus</span> <span class='ocrx_word' id='word_1_287' title='bbox 794 3501 904 3560; x_wconf 74' lang='lat' dir='ltr'>ignotas,</span> <span class='ocrx_word' id='word_1_288' title='bbox 918 3500 1014 3563; x_wconf 88' lang='lat' dir='ltr'>quaein</span> <span class='ocrx_word' id='word_1_289' title='bbox 1028 3514 1119 3548; x_wconf 90' lang='lat' dir='ltr'>somno</span> <span class='ocrx_word' id='word_1_290' title='bbox 1132 3513 1227 3563; x_wconf 82' lang='lat' dir='ltr'>magne·</span> 
     </span>
     <span class='ocr_line' id='line_1_41' title="bbox 224 3559 1225 3669; baseline 0.003 -63"><span class='ocrx_word' id='word_1_291' title='bbox 224 3559 276 3607; x_wconf 84' lang='grc'><strong>1166</strong></span> <span class='ocrx_word' id='word_1_292' title='bbox 291 3559 423 3669; x_wconf 55' lang='lat' dir='ltr'>speciatim</span> <span class='ocrx_word' id='word_1_293' title='bbox 436 3567 541 3624; x_wconf 81' lang='lat' dir='ltr'>agerent</span> <span class='ocrx_word' id='word_1_294' title='bbox 554 3567 580 3610; x_wconf 91' lang='lat' dir='ltr'>et</span> <span class='ocrx_word' id='word_1_295' title='bbox 592 3575 656 3611; x_wconf 81' lang='lat' dir='ltr'>mira</span> <span class='ocrx_word' id='word_1_296' title='bbox 672 3562 789 3624; x_wconf 84' lang='lat' dir='ltr'>quaedam</span> <span class='ocrx_word' id='word_1_297' title='bbox 802 3562 869 3611; x_wconf 81' lang='lat' dir='ltr'>fucta</span> <span class='ocrx_word' id='word_1_298' title='bbox 882 3563 1045 3625; x_wconf 74' lang='lat' dir='ltr'>hypnotismi</span> <span class='ocrx_word' id='word_1_299' title='bbox 1057 3561 1225 3626; x_wconf 84' lang='lat' dir='ltr'>producerent.</span> 
     </span>
     <span class='ocr_line' id='line_1_42' title="bbox 225 3621 1054 3687; baseline 0.002 -17"><span class='ocrx_word' id='word_1_300' title='bbox 225 3621 296 3682; x_wconf 87' lang='lat' dir='ltr'>Quoa</span> <span class='ocrx_word' id='word_1_301' title='bbox 327 3622 577 3672; x_wconf 85' lang='lat' dir='ltr'>somnambulismum</span> <span class='ocrx_word' id='word_1_302' title='bbox 589 3629 615 3670; x_wconf 91' lang='lat' dir='ltr'>et</span> <span class='ocrx_word' id='word_1_303' title='bbox 627 3622 831 3686; x_wconf 70' lang='lat' dir='ltr'>magnetumum,</span> <span class='ocrx_word' id='word_1_304' title='bbox 845 3623 903 3672; x_wconf 87' lang='lat' dir='ltr'>vide</span> <span class='ocrx_word' id='word_1_305' title='bbox 916 3623 1054 3687; x_wconf 83' lang='lat' dir='ltr'>theologos.</span> 
     </span>
    </p>
   </div>
   <div class='ocr_carea' id='block_1_7' title="bbox 0 0 1326 4209">
    <p class='ocr_par' dir='ltr' id='par_1_12' title="bbox 0 0 1326 4209">
     <span class='ocr_line' id='line_1_43' title="bbox 0 0 1326 4209; baseline 0 1"><span class='ocrx_word' id='word_1_306' title='bbox 0 0 1326 4209; x_wconf 95' lang='lat' dir='ltr'> </span> 
     </span>
    </p>
   </div>
  </div>
 </body>
</html>
