2642 4209
263 246 462 293 uxrnrnrsici
485 248 640 295 saucians,
657 266 693 277 -
713 248 911 294 cosuoxocn.
1066 230 1102 293 17
1174 301 1179 313 ,

123 364 147 425 l.
176 363 325 441 Plerique
351 366 486 425 veteres
504 365 690 441 philosophi
713 364 836 442 opinati
859 368 936 425 sunt
959 362 1101 440 spatium

81 458 158 505 esse
175 448 406 505 extensionem
421 444 599 521 quamdam
614 461 808 521 corpoream
822 445 862 505 ab
877 448 998 505 aterno
1013 443 1098 503 exis-

82 526 212 584 tentem
228 523 465 594 etincreatam,
483 530 623 601 actuque
647 522 817 586 infinitam.
844 523 910 584 Sed
933 524 1001 584 hae
1024 537 1101 583 sen-

83 605 189 663 tentia
203 603 330 680 patenti
344 602 471 664 laborat
484 604 703 677 absurditate;
721 620 798 665 nam
815 604 844 663 l⁰
858 605 1005 664 extensio
1025 605 1102 662 actu

82 680 212 745 infinita
226 686 392 761 repugnat
416 681 508 760 (448),
536 698 573 742 ac
599 683 738 760 proinde
753 686 905 760 spatium
927 688 1003 743 actu
1027 680 1100 744 inti·

83 763 190 823 nilum
206 762 352 838 implicat
367 762 669 824 contradictionem.
686 766 719 824 2⁰
737 764 884 841 Spatium
906 762 1100 836 increatum,

84 844 191 903 aDeo
205 839 449 918 independens,
468 848 557 902 esset
572 858 631 903 ens
655 859 676 904 a
698 859 734 903 se
752 863 759 903 :
777 843 911 920 quod-a
934 846 1024 903 reeta
1047 839 1100 902 ra·

86 922 384 983 tionenonminus
411 921 576 983 abhorret.
605 924 637 983 3⁰
666 924 812 1000 Spatium
838 923 1011 1001 physicum
1035 934 1102 983 non

87 1005 200 1078 potest
214 1001 308 1064 aliter
333 1004 462 1077 concipi
485 1018 524 1062 ac
549 1002 713 1079 capacitas
736 1001 918 1080 recipiendi
943 1002 997 1062 vel
1021 1016 1100 1062 con·

87 1080 217 1142 tinendi
232 1096 380 1156 corpora,
397 1095 435 1139 ac
450 1081 588 1158 proinde
603 1083 733 1142 nonnisi
758 1099 819 1159 per
845 1081 1102 1143 abstractionem

86 1163 209 1229 mentis
224 1158 410 1237 prascindit
425 1176 442 1219 a
460 1163 651 1237 corporibus
672 1167 748 1223 actu
772 1161 997 1229 existentibus.
1017 1162 1102 1239 Ergo

86 1238 170 1301 falsa
186 1245 237 1301 est
251 1240 317 1299 hac
333 1240 508 1301 sententia.

127 1321 163 1381 ll.
181 1320 253 1392 Alii,
269 1324 306 1379 ut
320 1318 476 1393 Clarldus,
494 1321 695 1390 Newtonius‚
712 1324 829 1397 putant
841 1336 914 1380 esse
929 1319 1035 1396 ipsam
1043 1318 1104 1380 Dei

85 1399 356 1473 immensitatem,
372 1416 432 1459 seu
448 1399 613 1477 quoddam
631 1400 744 1461 divinae
757 1400 946 1461 substantie
964 1398 1102 1459 attribu·

87 1484 169 1540 tum.
186 1480 256 1540 llaec
284 1481 460 1551 sententia,
489 1484 525 1539 ut
553 1496 614 1555 per
641 1495 677 1540 se
706 1484 809 1556 patet,
839 1479 1025 1555 analogiam
1049 1477 1104 1538 ali·

88 1576 191 1637 quam
205 1560 304 1619 habet
319 1574 394 1617 cum
408 1562 589 1635 superiore,
606 1560 640 1619 in
655 1565 816 1637 quantum
829 1560 1017 1619 considerat
1031 1573 1104 1633 spa·

89 1640 173 1699 tium
186 1643 223 1699 ut
237 1639 380 1715 aliquam
401 1642 634 1715 expansionem
657 1647 732 1700 actu
755 1638 926 1700 infinitam.
952 1640 1105 1698 Attamen

89 1734 158 1781 non
174 1724 223 1778 est
237 1720 345 1778 minus
368 1718 512 1779 absurda
535 1734 572 1778 ac
597 1720 763 1796 superior;
788 1735 866 1780 nam
890 1721 1105 1795 praeterquam

91 1796 183 1875 quod
199 1798 289 1858 ducit
303 1797 346 1857 ad
369 1798 624 1874 pantheismum,
653 1815 694 1859 ex
718 1800 865 1876 partibus
888 1800 922 1858 in
948 1813 984 1856 se
1008 1796 1106 1859 finitis

89 1878 348 1940 immensitatem
362 1878 420 1937 Dei
443 1877 611 1952 conflaret,
629 1894 700 1955 qua
714 1877 853 1955 proinde
879 1876 1108 1952 conciperetur

89 1963 128 2019 ut
144 1958 292 2019 extensio
314 1955 449 2030 infinita,
479 1958 511 2017 in
541 1974 606 2035 qua
629 1964 707 2019 sunt
730 1964 841 2035 partes
867 1961 958 2018 extra
982 1961 1105 2032 partes.

89 2038 189 2115 Atqui
204 2038 405 2097 immensitas
422 2036 540 2107 divina,
568 2054 638 2115 quae
658 2056 675 2098 a
699 2038 881 2100 substantia
906 2036 1015 2096 divina
1039 2052 1107 2097 non

90 2118 225 2181 realiter
240 2116 460 2195 distinguitur,
482 2118 721 2193 simplicissima
746 2123 797 2179 est
819 2123 918 2194 atque
943 2131 961 2175 a
982 2114 1109 2176 formali

91 2198 288 2278 extensione
304 2213 437 2273 prorsus
452 2198 643 2258 abhorrens
661 2198 697 2260 ld
718 2196 927 2259 manifestum
951 2193 1109 2257 faciemus

91 2278 124 2339 in
138 2277 320 2354 Theologia
334 2278 482 2336 naturali.
499 2279 594 2355 Ergo.

133 2359 184 2417 lii.
203 2357 336 2417 Kantius
351 2354 449 2418 docet
462 2358 604 2432 spatium
620 2373 694 2419 esse
709 2355 887 2435 quamdam
903 2351 1121 2434 intuitionem,

92 2453 211 2514 puram
245 2436 286 2497 ab
315 2437 517 2511 experientia
550 2436 847 2513 independentem,
883 2451 944 2495 seu
970 2430 1109 2493 formam

93 2516 311 2595 subjectivam
325 2514 487 2576 facultatis
503 2515 678 2577 sentiendi.
696 2518 767 2578 Hac
781 2518 944 2577 sententia
962 2515 990 2572 l⁰
1009 2511 1107 2575 indu·

95 2600 139 2658 cit
153 2595 373 2667 idealismum,
390 2600 490 2672 atque
504 2596 536 2655 2⁰
552 2598 780 2656 extensionem
805 2606 981 2673 corporum
995 2592 1107 2671 objec-

95 2677 229 2739 tivama
253 2679 364 2735 nostra
388 2676 575 2752 cognitione
601 2692 735 2751 prorsus
770 2680 871 2745 arcet,
908 2692 946 2735 ac
970 2673 1109 2749 proinde

94 2758 127 2818 3⁰
141 2756 309 2816 notionem
325 2754 421 2831 spatii
434 2769 500 2814 non
523 2755 620 2815 trahit
644 2772 685 2815 ex
709 2755 808 2816 rebus
831 2757 909 2831 ipsis
932 2753 1108 2835 perceptis,

95 2852 159 2897 nec
187 2834 364 2911 specialem
392 2834 465 2911 eius
494 2834 799 2896 determinationem
839 2834 1110 2909 circumscriptio·

95 2930 253 2991 nemque‚
285 2911 371 2990 quod
394 2911 565 2976 manifesto
588 2914 927 2993 repugnatrationiet
941 2915 1112 2990 experien-

97 2996 156 3057 tia.
171 2994 357 3055 Falsitatem
372 2993 470 3070 hujus
485 2994 679 3069 opinationis
704 3010 923 3072 coarguemus
951 3010 1026 3057 cum
1036 3008 1113 3071 age·

95 3091 169 3137 mus
186 3074 229 3135 de
244 3077 312 3134 toto
331 3078 510 3151 systemate
524 3075 693 3137 kantiano.

135 3154 187 3215 Ad
215 3168 329 3214 veram
362 3153 459 3228 spatii
487 3154 636 3213 notitiam
664 3153 760 3224 nobis
791 3153 1056 3229 comparandam,
1074 3152 1113 3213 ab
1145 3209 1149 3215 .

97 3234 213 3297 ordine
228 3233 310 3293 reali
326 3237 522 3309 conceptum
539 3231 660 3293 ducere
679 3232 853 3307 debemus;
871 3234 958 3306 hinc,
969 3250 1113 3311 praesup-

98 3317 205 3392 posito
232 3316 396 3388 conceptu
420 3313 585 3373 communi
608 3313 714 3388 spatii,
735 3312 830 3389 juxta
855 3330 953 3391 quem
975 3315 1117 3390 spatium

99 3394 249 3473 proxima
273 3391 399 3453 ratione
424 3391 467 3451 ad
496 3392 723 3453 extensionem
755 3391 908 3465 refertur,
948 3393 1114 3454 dicimus:

436 3494 519 3545 Banu.
533 3494 608 3553 Puri,
623 3496 653 3545 Τ.
669 3496 701 3544 ΙΙ.
716 3522 748 3533 -
760 3495 785 3545 2.
