2642 4209
232 242 292 303 ‘290
536 260 716 303 nnninamuu
738 260 949 306 rrruosoruua

233 373 337 428 cultas.
353 371 383 425 20
403 369 504 435 Quoad
518 383 620 424 earum
635 382 700 424 esse
719 370 809 441 reate,
831 388 897 427 cum
917 388 934 431 a
953 378 1012 430 Deo
1035 390 1159 447 cognes-

232 448 318 499 catur
333 457 392 495 uno
410 440 572 511 eodemque
591 445 670 510 actu,
690 441 779 511 hujus
799 444 888 499 etiam
902 448 1031 515 cognitio
1046 449 1158 503 unitam

231 529 332 569 secum
348 515 407 567 r'ert
422 513 625 566 mutationem.
641 511 672 563 30
689 511 886 569 Confirmatur
902 531 954 585 per
968 518 1133 586 analogiam
1149 538 1155 573 :

231 587 261 641 40
294 585 462 639 illustratur
495 582 723 653 comparatione.
759 581 860 641 Coroi.
889 589 967 657 Ergo
999 592 1076 643 Deus
1110 593 1157 645 θεῖ

230 659 371 713 aeternus.
1193 661 1249 717 232

264 730 295 782 ΙΙ.
314 727 357 781 De
376 725 596 779 iuuneusztate.
618 724 738 793 Triplici
757 724 844 781 modo
864 727 943 783 Deus
961 729 1038 786 inest
1056 732 1155 787 omui-

228 798 399 854 busrebus.
1191 802 1247 859 235

262 872 381 924 Tussis,
402 866 483 921 oeus
495 868 539 919 est
554 867 728 920 inuueusus
744 868 772 920 et
787 868 903 937 ubique
920 885 1067 943 praeseus,
1084 886 1153 927 nam

230 942 259 997 1⁰
282 943 328 993 θεῖ
352 936 493 1007 infinitus
518 941 548 991 20
571 937 602 990 in
626 938 762 992 omuibus
785 938 900 995 entibus
923 944 1062 998 continuo
1086 958 1154 1014 ope

228 1014 323 1066 ratur.
349 1010 454 1064 sciret.
483 1010 503 1063 l.
533 1008 715 1062 immensitas
739 1022 799 1062 non
830 1010 972 1080 importat
999 1014 1153 1069 formalem

227 1081 441 1137 extensionem.
467 1078 573 1135 Soisot.
604 1080 634 1132 n.
663 1081 708 1133 An
727 1081 805 1134 Deus
831 1082 870 1136 sit
894 1096 1026 1153 praesens
1048 1086 1154 1156 spatiis

228 1150 427 1221 imaginariis?
1189 1156 1246 1213 235

263 1226 306 1277 ΙΙΙ.
327 1223 369 1275 De
386 1219 767 1290 iraroruprebeusitititute,
787 1231 861 1291 quae
872 1225 1039 1293 expostulat
1054 1230 1088 1281 ut
1106 1242 1155 1282 res

228 1297 291 1349 tota
305 1296 336 1347 et
350 1292 481 1346 totaliter
495 1293 701 1361 cognoscatur.
717 1293 827 1346 Tussis
842 1294 861 1347 1.
876 1294 958 1349 Deus
969 1302 1014 1350 est
1028 1298 1154 1352 iricom-

225 1362 448 1435 prebens-ibitis
460 1377 593 1432 prorsus
612 1363 650 1417 ab
665 1366 755 1417 omui
769 1364 931 1419 iutettectu
952 1370 1063 1439 creato,
1085 1383 1155 1423 nam

228 1438 275 1490 est
289 1433 431 1489 infinitus.
1185 1442 1245 1497 236

262 1509 371 1560 Tussls
390 1507 421 1559 11.
437 1504 518 1557 Deus
533 1506 578 1557 est
600 1505 693 1557 etiarn
714 1503 883 1559 inuisibilis
904 1508 1093 1563 naturaiiter
1113 1511 1152 1565 ab

226 1576 319 1633 acuto
345 1589 493 1645 corporeo
521 1576 585 1629 sioe
608 1574 645 1628 ab
670 1574 830 1629 intellectu
855 1580 956 1632 creato
987 1596 994 1633 .·
1026 1580 1055 1634 1a
1082 1595 1154 1650 pars

226 1650 343 1703 constat
362 1661 398 1700 ex
417 1660 452 1699 eo
470 1643 549 1715 quod
563 1648 640 1699 Deus
659 1645 699 1699 sit
714 1645 889 1718 spiritualis3
910 1651 940 1703 20
963 1664 999 1703 ex
1017 1664 1053 1704 eo
1072 1652 1154 1721 quod

225 1718 307 1773 nulla
321 1719 361 1772 sit
374 1716 528 1786 proportio
547 1716 626 1770 inter
645 1717 738 1769 Deum
758 1716 788 1770 θῖ
803 1716 985 1773 intellectum
1004 1724 1147 1778 creatum.

225 1788 330 1846 Schot.
347 1792 391 1842 An
407 1786 442 1841 de
457 1786 592 1841 absoluta
605 1786 657 1840 Dei
673 1786 808 1855 potentia
826 1786 891 1843 fieri
908 1790 1003 1860 possit
1019 1795 1051 1847 ut
1066 1793 1150 1848 vide·

225 1864 294 1918 atur
308 1858 437 1915 essentia
450 1872 509 1912 non
525 1858 596 1913 visis
605 1856 767 1913 attributis
1184 1866 1239 1923 237

290 2006 308 2067 ς
325 2002 356 2064 11,
373 2004 413 2055 De
427 2000 579 2055 attributis
597 1998 649 2054 Dei
669 1998 806 2069 positivis
825 2000 856 2055 in
876 2002 973 2072 specie
992 2008 1145 2073 spectatis

258 2148 329 2201 Esse
348 2146 475 2215 possunt
493 2145 542 2199 vel
562 2144 747 2214 quiescentia
765 2144 813 2198 vei
832 2147 993 2215 operativa.
1017 2150 1060 2203 De
1079 2166 1148 2221 per·

221 2217 410 2287 sectionibus
424 2218 479 2269 Dei
493 2215 734 2286 quiescentibus
752 2217 772 2269 1.
787 2216 830 2269 De
846 2220 973 2272 veritate
984 2220 1151 2279 entitativa.
1181 2226 1236 2283 238

256 2290 365 2343 Tussis
388 2289 407 2340 Ι.
437 2286 611 2341 Entitatioa
629 2288 685 2339 Dei
714 2288 825 2341 ueritas
841 2290 886 2341 est
911 2288 974 2343 baec
999 2294 1148 2360 perfectio

220 2374 283 2431 qua
302 2361 447 2427 proprios
465 2358 590 2412 Deitatis
610 2359 804 2411 citaracteres
818 2358 879 2411 sibi
898 2360 1038 2415 uindicat
1052 2364 1144 2437 Deus,

220 2430 329 2485 namin
345 2429 424 2483 hisce
439 2428 658 2482 characteribus
677 2426 813 2482 consistit
828 2431 1074 2498 cognoscibilitas
1181 2439 1234 2497 238

255 2504 366 2555 Transis
380 2501 410 2553 ΙΙ.
433 2498 551 2553 Veritas
566 2498 669 2552 diviua
684 2503 726 2551 est
741 2498 812 2567 fons
828 2502 856 2553 et
871 2515 1021 2556 mensura
1043 2507 1138 2561 totius

223 2570 452 2639 Veritatisquae
472 2571 584 2639 prater
596 2570 696 2623 Deum
717 2572 906 2639 concipitur.
922 2572 1037 2628 Etenim
1058 2578 1086 2631 tv
1100 2581 1148 2633 est

218 2642 285 2697 fons
304 2640 497 2711 possibilium,
518 2644 548 2694 20
563 2641 629 2694 tous
647 2638 791 2695 realitatis
810 2654 921 2711 rerum,
938 2642 967 2696 30
987 2643 1052 2700 fons
1068 2649 1146 2703 veri·

217 2714 288 2767 tatis
302 2710 443 2765 formalis.
460 2711 565 2766 Sabat.
578 2712 628 2765 Est
643 2711 732 2764 etiam
749 2710 815 2765 fons
830 2710 943 2767 ordinis
958 2716 1087 2771 moratis.
1177 2718 1229 2777 239

252 2784 283 2837 iI.
307 2782 349 2836 De
364 2783 510 2836 bonitate.
527 2785 635 2837 Tussis
649 2783 669 2835 1.
690 2782 770 2835 treus
791 2784 836 2835 est
850 2798 977 2839 summa
996 2791 1026 2840 et
1041 2792 1141 2843 outrai-

218 2853 312 2907 muda
329 2854 463 2923 bouitas,
480 2852 625 2923 siquidem
640 2854 687 2905 θεῖ
705 2850 858 2921 plenitudo
875 2854 967 2909 totius
980 2858 1140 2926 perfeetio-

215 2923 395 3049 lnisscbott.
412 2924 531 2979 Bonitas
546 2923 647 2978 divina
661 2936 722 2977 non
736 2924 782 2977 est
796 2938 884 2979 eausa
898 2924 1030 2983 formatis
1045 2932 1140 2986 omnis

236 3009 286 3048 om
300 3008 367 3048 crea
382 3011 400 3048 1.
1199 3004 1208 3039 ⁷

250 3067 360 3119 Tussis
376 3068 405 3119 ΙΙ.
422 3063 463 3118 Iu
482 3065 542 3119 Deo
552 3065 603 3124 est
617 3063 712 3117 etiam
727 3062 848 3118 illibata
863 3063 984 3121 bouitas
999 3072 1139 3144 moratis,
1178 3006 1230 3061 Μ

213 3150 270 3189 scu
283 3138 443 3199 sauctitas,
461 3149 528 3189 nam
543 3147 645 3188 omnes
659 3134 826 3189 sanctitatis
840 3136 971 3191 rationes
985 3141 1141 3209 perfectis-

213 3207 289 3261 sime
310 3207 341 3260 in
360 3209 418 3259 Deo
441 3206 643 3275 reperiuntur.
668 3205 774 3261 e'cbot.
791 3206 936 3261 Sanctitas
959 3210 1087 3279 positive
1110 3217 1141 3270 et

213 3278 352 3347 negative
367 3279 498 3345 spectata
512 3276 542 3329 in
557 3290 607 3330 cre
620 3275 713 3329 turis,
1176 3287 1226 3345 241

248 3349 289 3402 De
308 3349 469 3402 attributis
492 3348 548 3401 Dei
566 3348 734 3417 operatio-is
755 3348 775 3400 1.
794 3344 837 3401 Dc
852 3346 1023 3423 intellectu,
1043 3354 1139 3424 quiin

211 3421 271 3473 Deo
286 3421 332 3473 est
346 3419 409 3487 ipsa
423 3417 594 3489 intellectio
615 3418 673 3471 imo
688 3418 734 3471 est
749 3416 812 3485 ipsa
826 3420 963 3474 essentia.
1175 3429 1224 3486 241

247 3489 289 3542 De
318 3490 436 3556 objecto
464 3489 602 3541 scientia
631 3488 757 3543 uicinae.
786 3489 897 3543 Tnnsrs
923 3492 944 3545 1.
974 3490 1137 3563 Objectum

213 3560 445 3627 priuaariuuret
461 3560 612 3612 rraotinuur
638 3558 776 3611 scientia>
795 3558 920 3630 diuinae,
946 3567 990 3617 est
1008 3568 1138 3622 essentia

213 3628 313 3683 divina
329 3643 393 3697 quae
415 3629 443 3681 i⁰
462 3631 508 3681 θεῖ
522 3642 574 3697 per
589 3643 621 3682 so
634 3628 836 3699 intelligibilis,
853 3634 882 3685 et
895 3635 925 3685 20
944 3633 1041 3701 prima
1058 3637 1136 3703 ratio
