2642 4209
271 260 468 319 uarsrn'usms
490 271 647 319 sonamus.
664 289 703 299 -
720 272 920 331 uosuoaoon.
1069 258 1111 319 35

90 386 352 465 dependentiam
387 404 407 451 a
443 391 598 462 materia;
640 388 749 468 agitur
790 390 879 450 enim
915 388 957 451 de
993 388 1111 453 formis

88 483 182 529 mere
210 468 461 531 informantibus
489 484 551 530 seu
588 468 824 541 materialibus
866 466 910 549 (n,
952 468 1015 550 55),
1037 487 1109 549 que

88 547 230 627 proinde
246 550 316 611 sine
344 547 570 625 dependentia
599 564 618 609 a
655 548 794 609 materia
822 564 897 609 esse
921 557 955 611 et
997 551 1109 613 conci-

88 630 124 705 pi
152 634 337 705 nequeunt.
373 628 508 706 Proprie
538 627 719 706 loquendo,
748 626 855 689 forma
887 630 1109 692 substantialis

87 721 157 769 non
184 708 221 784 fil
235 709 288 787 (l),
314 725 417 785 quum
431 711 561 769 nonsit
588 709 746 771 terminus
773 710 1009 787 generationis,
1047 709 1109 772 sed

86 785 123 847 fit
145 788 257 865 ipsum
281 786 510 865 compositum.
542 788 642 865 igitur
663 785 803 849 formam
825 786 922 849 educi
953 805 972 851 e
992 795 1108 867 poten·

87 868 133 928 tia
154 866 297 929 materia
317 868 398 930 nihil
417 866 506 929 aliud
535 875 585 928 est
614 882 713 945 quam
739 867 910 927 materiam
930 870 1009 946 liert
1033 876 1109 932 actu
1188 866 1199 882 '

87 948 125 1007 td
154 949 244 1021 qaod
268 948 341 1023 apsa
368 950 465 1023 prius
492 952 564 1006 erat
585 949 619 1007 lo
655 951 812 1021 potentia.

129 1028 226 1091 Nota.
263 1028 379 1088 Forma
409 1026 626 1103 producenda
657 1030 691 1085 in
729 1024 852 1102 duplici
871 1029 1020 1103 potentia
1044 1030 1108 1101 est,

89 1108 216 1180 opealls
244 1122 378 1184 nempe,
407 1112 441 1167 et
466 1107 622 1167 materiae.
657 1104 851 1167 continetur
885 1106 919 1166 in
958 1108 1108 1183 potentia

88 1184 233 1247 materia
251 1188 448 1256 virtualiter,
472 1201 547 1247 cum
574 1189 649 1247 ante
677 1184 932 1260 productionem
959 1187 1109 1248 nondum

88 1263 129 1323 sit
155 1264 190 1325 in
214 1266 362 1357 materia,
391 1267 508 1327 saltem
538 1270 576 1325 ut
604 1263 712 1326 forma
733 1264 952 1326 substantialis
976 1264 1029 1344 (2),
1046 1266 1110 1329 sed

87 1343 585 1502 ttttitttdlttllttltt
610 1348 996 1503 ttttlltdtttlltl·
1010 1342 1109 1487 ,llll

86 1517 238 1575 vacuam,
279 1504 441 1565 contineri
489 1502 665 1565 adualaer
701 1502 819 1565 dicitur
849 1501 900 1581 (ll,
939 1505 1002 1581 58).
1042 1505 1110 1567 Sed

87 1580 129 1641 ad
159 1582 368 1645 eductionem
398 1599 466 1645 non
494 1585 673 1661 requiritur
700 1589 738 1643 ut
762 1582 898 1645 materia
941 1584 1110 1661 pracedat

86 1658 228 1723 formam
260 1668 424 1740 tempore3
461 1679 536 1724 nam
565 1668 603 1723 ut
631 1662 738 1725 forma
773 1679 890 1724 revera
933 1663 1107 1737 educatur,

87 1738 209 1805 suflicit
231 1743 322 1820 quod
346 1745 380 1804 lo
401 1743 477 1818 deal
503 1758 522 1803 a
550 1743 687 1804 materia
704 1740 905 1818 dependeat.

127 1822 221 1883 Nunc
245 1820 455 1899 probandum
476 1822 567 1883 venit
592 1823 655 1883 hoc
677 1826 857 1900 systemata
883 1820 1006 1898 duplici
1029 1841 1105 1902 pro-

86 1901 264 1976 positione,
280 1918 345 1963 una
359 1903 487 1979 praevia,
512 1902 614 1965 altera
636 1901 770 1963 directa.

86 2023 138 2085 59,
161 2058 200 2067 -—
214 2027 322 2086 Tarsis
339 2026 361 2085 l.
390 2028 520 2085 Dantur
532 2026 651 2101 formae
676 2023 902 2085 substantiales
925 2028 1107 2087 amatoria

125 2104 263 2165 realiter
283 2106 448 2167 distincta.

125 2237 223 2296 Prot.
248 2238 277 2297 l0
298 2235 434 2315 Physice
456 2234 576 2296 dantur
600 2235 636 2296 in
664 2235 766 2295 rebus
798 2236 966 2313 corporeis
997 2241 1104 2296 muta-

86 2317 194 2377 tiones
216 2316 448 2377 substantiales
469 2330 531 2391 per
551 2317 792 2389 corruptionem
811 2318 840 2373 et
853 2316 1105 2389 peneratlonem

85 2398 123 2456 ut
150 2394 344 2473 quotidiana
366 2396 564 2471 experientia
587 2397 730 2466 constat;
758 2394 850 2470 atqui
866 2393 1005 2453 mutatio
1025 2394 1105 2455 'sub-

85 2476 244 2536 stantialis
267 2472 483 2536 essentialiter
503 2473 641 2552 requirit
652 2473 841 2551 subjectum
851 2472 997 2550 aliquod,
1016 2474 1108 2549 quod

84 2558 270 2617 mutatione
300 2555 372 2631 ipsa
401 2554 529 2615 anrittal
557 2568 659 2614 unam
684 2551 823 2614 formam
855 2552 1107 2614 substantialem

86 2638 119 2695 et
167 2636 265 2696 aliam
305 2634 450 2712 acquirat
496 2652 503 2692 ;
548 2633 672 2694 etenim
719 2633 830 2708 ipsum
870 2633 1107 2696 constitutivam

85 2713 158 2776 talis
188 2713 374 2776 substantia
405 2713 560 2775 amittitur
587 2712 621 2772 in
646 2711 760 2789 quavis
793 2712 1001 2787 corruptione
1029 2712 1106 2774 sub-

84 2793 239 2867 stantiali,
273 2797 307 2854 et
327 2792 504 2870 acquiritur
532 2792 677 2852 inomni
705 2791 933 2869 generatione.
964 2792 1052 2870 Ergo
1071 2793 1106 2853 in

83 2873 184 2935 rebus
220 2874 387 2951 corporeis
424 2873 565 2933 hahetur
594 2887 671 2947 pars
717 2871 826 2948 adque
866 2870 1103 2945 determinans,

84 2968 150 3031 qua
179 2951 366 3027 deficiente,
401 2968 519 3029 corpus
557 2948 678 3011 desinit
709 2964 783 3012 esse
813 2950 886 3011 talis
906 2950 1103 3026 substantia,

111 3074 147 3139 (1)
162 3075 190 3126 S.
203 3076 295 3127 Thom.
308 3074 339 3125 In
351 3077 463 3141 metaph.
477 3086 524 3132 vn,
537 3071 596 3121 lect.
610 3070 636 3121 7⁰
650 3072 675 3121 Ι·
686 3086 712 3135 q.
726 3069 758 3121 90
771 3085 796 3121 a.
809 3070 827 3119 2
839 3054 874 3121 ad
883 3068 912 3132 2;
928 3075 978 3121 etc.

111 3174 147 3238 (2)
161 3172 293 3231 Nonnulli,
309 3186 374 3243 quos
386 3171 466 3241 refert
476 3173 502 3219 et
514 3169 649 3239 impugnet
675 3169 770 3218 Suarea
783 3167 915 3237 (Metapa,
943 3168 969 3217 d.
985 3167 1024 3226 15,
1043 3184 1065 3239 ,⁸⁰
1076 3170 1102 3231 2,

80 3250 104 3299 p.
120 3236 172 3307 2-5)
182 3235 323 3285 docuerunt
336 3248 363 3283 m
380 3236 485 3283 matema
499 3232 594 3302 formas
606 3244 674 3294 ipsas
687 3238 751 3280 octa
762 3233 936 3300 praeenstere,
949 3244 980 3279 aa
993 3229 1104 3302 promde
1157 3282 1159 3285 Α

82 3315 95 3343 e
108 3297 212 3368 latitare
226 3316 250 3354 »,
267 3298 312 3346 out
326 3296 413 3345 saltem
435 3295 597 3359 praeexistere
611 3291 735 3356 quasdam
750 3289 890 3360 ¹foratarum
904 3292 1102 3364 inchoatronesl:

81 3353 949 3523 til.altilt'sslttattttffdttltlptttlttttgtttttt
971 3354 1103 3487 satit

197 3476 821 3547 ..

81 3545 132 3656 {ui}
144 3547 406 3677 genstffirctffinuas'hio
419 3577 517 3653 referre
529 3604 555 3651 et
568 3614 648 3665 expen
668 3613 711 3650 ere
729 3574 842 3651 brevitas
862 3598 1025 3651 uacationis
1046 3614 1099 3650 non

81 3668 151 3733 sinit,
160 3666 288 3719 sufficiant
300 3664 379 3721 dacto·
