2642 4209
443 235 565 306 232
1047 260 1406 306 nmivmnmu
1445 258 1858 305 PHILOSOPHIAE

444 375 784 456 taphysica
826 392 842 437 :
883 372 1300 453 probandum
1341 378 1442 434 est
1480 376 1656 437 enim
1684 375 1897 436 Deum
1925 389 2076 435 esse
2104 373 2490 435 immunem

443 472 484 519 a
512 457 807 535 qualibet
834 455 1192 516 mutatione
1222 452 1412 532 (460).-

521 537 845 598 Probatur
873 535 919 596 Ι.
956 537 1155 605 DeuS,
1185 534 1251 595 in
1284 537 1599 611 quantum
1639 549 1757 596 ens
1794 532 2271 605 necessarium,
2315 549 2355 594 a
2405 548 2489 594 se

440 619 740 679 removet
784 616 1147 693 potentiam
1184 617 1319 676 sive
1352 612 1741 691 obJectivam
1773 612 1935 694 (363)
1964 614 2101 676 sive
2143 614 2491 691 passivam

442 695 629 775 (364).
678 694 872 772 Atqui
919 693 987 757 id
1034 694 1214 772 quod
1264 698 1556 754 mutatur
1591 710 1857 772 semper
1895 698 2151 755 constat
2179 694 2490 771 potentia

442 773 580 839 sive
629 775 953 854 objectiva
1002 776 1141 836 sive
1188 772 1470 852 passiva,
1519 789 1641 834 seu
1672 779 1790 835 est
1835 773 2266 855 contingens3
2321 788 2487 835 nam

439 855 811 917 mutatione
860 854 1108 931 aliquid
1154 854 1453 931 acquirit,
1485 851 1593 915 vel
1621 855 1874 927 amittit,
1920 859 1988 915 et
2017 852 2256 915 exinde
2288 852 2484 932 prius

447 935 699 1011 concipi
761 933 962 995 debet
1016 935 1083 995 in
1132 935 1426 1011 potentia
1480 932 1564 993 ad
1608 932 1773 996 illud
1828 933 2311 1011 acquirendum
2365 932 2484 996 vel

443 1014 900 1154 a11113itltendum.
931 1014 1100 1092 Ergo
1128 1012 1530 1090 impossibile
1554 1016 1657 1073 est
1683 1018 1755 1074 ut
1784 1015 1961 1075 Deus
1979 1016 2210 1077 nonsit
2233 1014 2481 1075 immu-

446 1098 513 1155 ta
562 1094 686 1154 iis.

521 1175 595 1233 11.
644 1174 821 1234 Deus
872 1174 974 1233 est
1017 1168 1307 1232 infinitus
1355 1168 1453 1249 (11,
1506 1169 1674 1252 343),
1723 1171 2014 1250 ideoque
2061 1174 2222 1234 nulli
2257 1174 2479 1235 incre-

440 1256 666 1314 mento
708 1252 1062 1321 obnoxius:
1104 1252 1284 1329 atqui
1322 1254 1593 1312 mutatio
1634 1256 1942 1331 importat
1985 1268 2327 1315 accessum
2367 1254 2482 1315 vel

441 1348 781 1394 recessum
845 1331 1117 1409 alicujUs
1182 1328 1635 1407 perfectionis;
1704 1334 1974 1393 mutatio
2044 1332 2246 1395 debet
2320 1350 2478 1395 esse

432 1414 797 1490 perfectiva
836 1412 943 1473 vel
983 1412 1291 1471 amissz‘va
1327 1430 1348 1469 .·
1373 1426 1506 1470 -ens
1541 1415 1751 1473 mutat
1781 1428 1929 1482 cum
1961 1411 2206 1489 aliquid
2234 1417 2478 1492 acqui-

439 1492 545 1635 ιὲίι,
578 1496 691 1552 aut
717 1508 789 1553 se
822 1489 1118 1553 extendit
1142 1490 1209 1551 in
1239 1489 1305 1550 id
1336 1488 1422 1549 ad
1454 1491 1632 1568 quod
1662 1496 1842 1568 prius
1870 1505 2005 1553 non
2025 1494 2474 1573 pertingebat.

491 1589 525 1633 r
574 1589 635 1633 ο.

523 1587 624 1713 fil.
671 1648 1058 1725 Simplicitas
1095 1649 1230 1709 haec
1278 1664 1558 1723 summa,
1610 1666 1741 1727 qua
1785 1651 1965 1712 Deus
2011 1647 2265 1725 fruitur,
2314 1668 2355 1713 a
2395 1668 2518 1714 se‘

443 1736 627 1793 arcet
668 1728 1116 1791 omnimodam
1164 1730 1710 1807 compositionem
1763 1747 1778 1791 :
1820 1747 2015 1807 porro
2045 1734 2317 1794 mutatio
2351 1732 2468 1793 ali-

443 1826 644 1889 quam
695 1824 960 1886 semper
1007 1812 1317 1887 importat
1364 1810 1907 1887 compositionem
1965 1829 1983 1871 :
2034 1828 2230 1873 omne
2288 1813 2473 1890 quod

440 1894 751 1960 mutatur,
787 1891 1106 1966 quantum
1154 1888 1237 1950 ad
1282 1889 1528 1967 aliquid
1574 1894 1820 1964 manet,
1888 1895 1958 1952 et
2011 1897 2332 1969 quantum
2386 1890 2473 1953 ad

444 1969 691 2049 aliquid
722 1969 971 2030 transit.
1003 1970 1195 2048 Erg0.

443 2130 584 2194 378.
634 2162 714 2174 —·
757 2130 969 2191 'Pulsis
1020 2129 1092 2189 11.
1140 2131 1314 2189 Deus
1362 2133 1450 2189 est
1497 2130 1752 2192 omnino
1793 2129 2241 2203 immutabilia,
2275 2132 2472 2191 ctiam

521 2212 871 2271 secundum
928 2207 1085 2269 illas
1142 2208 1498 2269 intellectus
1558 2214 1614 2268 et
1671 2210 2020 2271 voluntatis
2070 2212 2466 2287 operationes

524 2305 805 2366 quarum
826 2313 829 2317 ⁴
847 2290 1159 2348 terminus
1198 2294 1345 2349 sunt
1372 2292 1688 2349 creaturae
1716 2291 2052 2351 emisio-ntes
2070 2307 2200 2367 pro
2239 2290 2458 2367 aliqua

527 2370 832 2447 temporis
862 2368 1253 2442 differentia.
2299 2405 2313 2418 -

454 2599 459 2601 .
523 2526 713 2589 Nota.
766 2527 908 2588 Haec
956 2522 1252 2585 secunda
1283 2522 1484 2585 thesis
1503 2523 1645 2603 jam
1671 2524 1810 2586 fluit
1852 2529 1928 2586 ut
1957 2526 2365 2589 corollarium
2388 2543 2466 2588 ex

448 2606 813 2684 superiore.
847 2605 1089 2665 Verum
1120 2604 1202 2665 ad
1232 2604 1608 2666 uberiorem
1636 2606 1834 2685 hujus
1864 2607 2157 2669 attributi
2190 2605 2463 2667 declara-

448 2687 721 2759 tionem,
774 2685 1115 2761 speciatim
1169 2683 1251 2744 de
1300 2684 1424 2743 hac
1470 2687 1542 2744 re
1592 2684 1927 2763 disputare
1967 2690 2253 2763 oportet,
2297 2686 2457 2747 etin

449 2770 773 2845 quantum
821 2768 1127 2825 creaturae
1176 2767 1331 2824 sunt
1378 2767 1692 2827 terminus
1739 2766 1973 2827 harum
2014 2766 2456 2843 operationum

446 2846 823 2909 intellectus
857 2849 923 2905 et
954 2844 1335 2907 voluntatiS.

530 2929 876 2985 Probatur.
924 2922 1244 2984 Creaturae
1284 2920 1411 2983 dici
1449 2928 1728 2997 possunt
1759 2923 2075 2985 terminus
2104 2921 2460 2986 intellectus

454 3009 514 3065 et
546 3004 896 3065 voluntatis
928 3003 1154 3064 divinae
1198 3002 1567 3078 dupliciter,
1613 3003 1920 3066 nimirum
1965 3007 2076 3064 aut
2111 3003 2461 3065 secundum

450 3101 578 3145 essa
610 3084 834 3157 i'fieule,
871 3088 1199 3159 quatenus
1230 3085 1385 3142 sunt
1416 3086 1482 3141 et
1508 3087 2059 3159 repraesentantur
2086 3082 2154 3143 in
2181 3085 2459 3146 Essentia

454 3165 670 3225 divina
702 3165 781 3225 ab
813 3166 1078 3232 aeterno,
1113 3166 1228 3223 aut
1256 3160 1628 3224 secundum
1669 3179 1799 3224 esse
1837 3163 2042 3238 reale,
2095 3168 2164 3224 et
2205 3168 2392 3240 prout
2423 3179 2463 3225 a

450 3249 630 3321 parta
666 3245 758 3301 rei
791 3242 950 3303 etin
978 3243 1214 3319 seipsis
1246 3243 1535 3302 existunt
1561 3245 1627 3303 in
1659 3246 1956 3319 tempore
1992 3262 2007 3303 ε
2049 3244 2254 3319 priori
2279 3242 2459 3305 modo

454 3321 758 3385 dicuutur
806 3324 1128 3383 terminus
1184 3326 1476 3381 aeternus
1535 3326 1599 3382 et
1651 3324 2084 3398 intrinsecus;
2135 3323 2460 3400 posteriori

450 3409 698 3469 autem,
762 3401 1075 3462 terminus
1135 3402 1544 3461 extrinsecus
1603 3405 1670 3462 et
1727 3407 2220 3477 temporaneus,
2277 3401 2456 3480 Atqui

446 3479 855 3557 impossibile
888 3484 989 3539 est
1027 3484 1101 3540 ut
1129 3483 1215 3540 sit
1257 3480 1531 3541 mutatio
1561 3480 1626 3539 in
1657 3483 2150 3553 operationibus
2180 3484 2452 3543 intellec-

446 3565 554 3701 tEus
590 3565 654 3617 ut
674 3558 1026 3621 voluntatis
1057 3558 1311 3634 divinae,
1336 3575 1761 3637 quocumque
1787 3560 1986 3623 modo
2020 3562 2453 3624 terminentur.

502 3653 646 3717 rgo.
