2642 4209
291 320 488 366 undennisicn
510 319 668 367 sanctinis.
684 338 729 348 -·
739 318 941 365 cosnotoont.
1087 294 1126 356 2}

105 464 158 525 34.
184 498 222 507 -
243 466 361 525 Tussis.
385 465 421 526 ll.
449 470 596 539 Corpora
617 461 815 523 naturaliter
833 463 907 521 suut
930 459 965 520 ia
978 454 1049 515 loco
1063 455 1127 516 cir·

145 546 381 621 cumscriptioc.

147 668 321 727 Probatur.
354 668 514 741 Qualibet
541 684 617 744 pars
646 666 785 745 alicujus
821 661 966 739 corporis
999 662 1127 751 certum
1169 662 1173 668 '

105 745 243 823 aliquod
264 744 406 822 spatium
428 752 569 823 occupat
591 763 609 805 a
631 748 737 823 spatio
760 742 851 822 quod
873 744 1038 818 occupant
1056 738 1126 798 ahae

103 831 220 904 partes
244 825 424 899 diversum3
456 828 568 905 itaque
600 828 678 889 licet
699 829 803 886 totuin
835 838 955 899 corpus
987 822 1124 909 circurn-

104 906 270 967 ιοιιιιιιιιιι
289 922 350 984 per
369 908 479 967 iocum
507 909 734 976 extrinsecum,
758 909 869 964 tamen
891 904 1001 978 partes
1029 914 1123 959 vanae

105 984 256 1047 diversos
278 986 402 1047 hahent
421 988 539 1050 limites
553 987 587 1047 in
601 986 673 1047 loco
694 986 876 1045 intrinseco.
894 982 979 1059 Ergo
1002 993 1124 1054 corpus

104 1070 225 1129 natura
247 1082 307 1126 sua
329 1070 378 1127 esi
400 1067 433 1126 in
454 1067 526 1129 loco
550 1065 830 1141 circumscriptior.

103 1176 157 1239 35.
180 1211 220 1220 —
241 1180 348 1240 Tussis
365 1179 414 1239 ill.
432 1179 574 1254 spirtus
592 1194 656 1238 noa
670 1181 743 1239 suat
756 1178 792 1237 iu
811 1177 880 1237 loco
895 1173 1122 1246 circumscrip

145 1260 219 1330 tiae,
243 1260 301 1319 scd
320 1258 488 1333 defirtitioe.

143 1372 320 1433 Probatur,
337 1372 486 1449 Spiritus
508 1376 546 1433 ul
567 1370 750 1433 substantia
770 1368 911 1444 simplex
932 1383 971 1427 ac
993 1366 1121 1457 quenti-

101 1454 171 1511 tate
194 1450 374 1513 formaliter
396 1469 520 1524 carens,
544 1468 611 1512 non
633 1454 831 1528 potestesse
847 1448 966 1527 inloco
983 1460 1120 1504 circum·

100 1530 269 1607 scriptive,
293 1547 355 1592 seu
376 1548 435 1608 per
457 1536 566 1610 parles
590 1532 735 1592 diversas
750 1531 789 1590 ιιι
804 1528 941 1589 diversis
961 1525 1025 1598 loci
1045 1538 1119 1599 par·

100 1610 205 1680 tibus;
241 1614 331 1687 atqui
360 1612 493 1688 spiritus
513 1612 646 1674 realiter
668 1626 741 1671 esse
760 1615 899 1685 possunt
919 1608 952 1667 in
972 1606 1059 1675 loce,
1081 1606 1121 1672 ιιι

100 1694 234 1751 constat
255 1707 297 1751 ex
318 1694 424 1753 anima
440 1692 600 1763 rationali,
623 1708 694 1769 que
716 1690 820 1750 estin
844 1700 980 1762 corpore
995 1689 1029 1744 et
1050 1697 1119 1745 non

100 1774 196 1830 extra
220 1788 356 1847 corpus:
391 1788 432 1831 ex
460 1772 560 1833 altera
592 1775 686 1848 parte
716 1770 849 1846 spiritus
878 1782 946 1827 seu·
962 1767 1118 1826 creature

97 1865 185 1927 pure
207 1850 391 1927 spirituales
406 1868 473 1912 non
488 1858 564 1911 sunt
576 1852 754 1916 immensae,
771 1865 808 1909 ao
823 1844 963 1925 proinde
977 1844 1114 1920 ubique;

96 1928 163 1990 sed
194 1946 309 1990 eorum
340 1932 513 2007 presentia
549 1930 677 1992 definiri
707 1932 818 2004 potest
843 1930 879 1989 in
909 1931 997 1985 certo
1027 1923 1114 1985 1000.

96 2008 185 2088 Ergo
206 2010 339 2086 spiritus
362 2014 413 2070 est
432 2014 465 2071 in
489 2012 561 2071 loco
585 2009 763 2076 definitive,
786 2025 848 2069 seu
869 2010 956 2068 totus
986 2004 1021 2063 in
1045 2006 1115 2063 toto

94 2086 186 2161 1000,
210 2094 244 2151 et
266 2094 352 2151 totns
373 2092 407 2151 in
429 2090 576 2169 qualibet
595 2092 658 2151 loci
682 2096 785 2165 parte.

127 2209 170 2259 36.
184 2210 244 2260 θον.
260 2209 369 2275 Spiritus
379 2210 526 2275 igitnrsunt
539 2212 567 2259 in
582 2212 647 2269 loce,
663 2226 716 2261 non
729 2225 779 2273 per
792 2226 828 2269 se,
843 2207 887 2257 sed
900 2221 954 2271 per
967 2204 1091 2255 occidens
1104 2216 1116 2252 .·

94 2272 204 2336 spiritus
212 2271 288 2332 enim,
300 2286 357 2321 cuni
372 2274 517 2322 extensione
525 2280 637 2332 careant,
648 2289 698 2337 per
707 2288 735 2320 se
743 2272 771 2320 in
782 2272 838 2321 loco
847 2284 903 2318 esse
912 2271 1056 2339 nequeuut3
1069 2265 1115 2315 sed

95 2348 156 2383 cum
175 2334 324 2397 corporibus
346 2339 485 2398 praesentes
508 2350 561 2383 esse
580 2336 678 2401 possint
701 2334 783 2397 quoad
806 2334 992 2399 substantiam,
1006 2328 1064 2375 ideo
1087 2340 1115 2375 m

93 2394 158 2444 locis
173 2410 230 2457 quae
244 2410 259 2443 a
273 2395 421 2459 corporibus
434 2403 588 2461 occupantur
602 2412 657 2446 esse
689 2400 785 2456 essunt,
799 2398 937 2443 strattone
950 2392 1025 2450 huius
1038 2403 1115 2451 prac-

94 2458 192 2505 scutioe
206 2455 325 2505 dicuntur
342 2472 395 2506 esse
409 2459 436 2505 in
458 2458 514 2507 loco
536 2474 582 2523 per
605 2458 659 2507 acci
678 2471 732 2507 ens.
754 2472 833 2521 ιιιιιιιε
846 2470 901 2503 esse
914 2454 942 2501 in
956 2452 1012 2500 loco
1026 2464 1073 2520 per
1085 2463 1114 2499 se

94 2518 135 2567 vel
149 2532 196 2583 per
209 2519 327 2567 accidens
340 2518 407 2567 idem
421 2524 459 2568 est
470 2536 500 2569 oo
513 2536 566 2569 esse
579 2520 606 2568 in
618 2522 675 2570 loco
685 2516 900 2581 circumscriptus
913 2515 953 2565 vel
967 2512 1110 2563 defin1t1ve.

93 2617 145 2679 37.
170 2650 208 2659 -
229 2619 336 2679 'laesis
364 2618 412 2677 lV.
441 2620 527 2679 idem
550 2636 667 2695 corpus
694 2614 988 2693 supernaturaliter
1008 2615 1113 2688 potest

135 2713 201 2757 esse
215 2697 313 2757 simul
326 2699 360 2756 iu
373 2699 508 2759 diuersis
531 2698 610 2759 locis
623 2699 799 2773 actitatae,-
818 2703 847 2756 ct
864 2698 966 2773 potest
991 2710 1055 2754 csse
1076 2692 1113 2754 in

134 2792 200 2836 uuo
212 2778 493 2851 circumscriptior,
515 2784 543 2839 et
557 2784 591 2840 ia
606 2779 673 2839 aiio
686 2780 850 2856 defiuitioe.
1102 2795 1107 2798 ’

132 2887 298 2947 Probatur
330 2904 372 2948 eu
404 2889 504 2963 facte.
540 2892 611 2951 ileo
647 2894 735 2953 enim
769 2889 962 2966 propositio,
997 2883 1112 2965 quoad

93 2982 211 3028 omnes
232 2970 353 3043 partes,
377 2966 443 3029 fide
466 2974 595 3031 constat
618 2990 624 3031 :

135 3046 165 3106 1⁰
186 3044 302 3108 Christi
324 3063 443 3124 corpus
465 3048 498 3109 in
513 3049 682 3119 adorando
703 3048 909 3111 Eucharistiae
924 3062 1112 3107 sacramen·
1159 3047 1161 3051 ’

92 3127 126 3184 ιο
150 3130 202 3186 est
221 3125 320 3186 modo
343 3128 534 3189 indivisibili
551 3132 585 3191 ιιι
607 3131 760 3190 omnibus
780 3128 891 3189 hostiae
913 3130 1112 3188 consecratae

90 3204 251 3279 partibus
275 3212 308 3266 et
322 3207 355 3267 ιιι
378 3208 530 3269 omnibus
551 3207 631 3269 locis
652 3211 687 3270 in
713 3210 833 3286 quibus
862 3208 974 3269 hostiae
995 3222 1112 3269 conse·

93 3287 189 3345 oratu
211 3285 432 3360 reperiuntur.
449 3288 533 3366 Ergo
549 3288 639 3349 idem
661 3303 779 3364 corpus
800 3288 897 3349 simul
917 3289 951 3347 in
973 3285 1114 3348 diversis

90 3361 173 3424 locis
194 3363 432 3427 indivisibiliter
453 3383 527 3429 esse
549 3372 668 3444 potest.
1179 3437 1181 3440 .

130 3442 162 3502 2⁰
184 3442 275 3503 idern
297 3460 416 3521 corpus
437 3448 665 3508 venerandum
681 3452 732 3509 est
752 3447 786 3507 in
801 3448 884 3510 coelo
900 3447 1112 3508 circumscri-

89 3524 174 3597 ptive
190 3527 221 3583 et
237 3528 382 3595 exiente,
407 3524 485 3587 duni
507 3527 541 3588 in
563 3527 673 3589 altaris
698 3532 903 3589 sacramento
925 3530 978 3587 est
998 3525 1112 3601 defiui-

95 3600 156 3662 ttoc
180 3605 318 3664 tanturn.

129 3680 178 3742 lta
207 3682 318 3757 etiam,
350 3680 430 3743 dum
460 3687 527 3747 suis
549 3687 705 3763 apostolis
737 3689 985 3749 sacrosanctum
1010 3702 1109 3749 suum
