2642 4209
251 263 448 308 unrarnvsrcn
469 261 624 308 seuerius.
643 279 682 324 ἡ
695 263 910 309 nsvcuonoera.
1037 245 1094 308 135

118 371 205 449 Quid
227 373 269 436 de
300 375 391 438 hisce
418 377 653 456 systematibus
679 376 892 440 sentiendum
919 380 973 451 sit,
998 377 1089 440 dice·

79 470 164 526 mus,
186 471 275 517 verae
297 457 470 539 sententiae
491 455 717 519 fundamentis
738 464 835 520 antea
857 459 1010 520 ostensis.

79 588 255 656 systematis
269 589 437 645 scholastici
451 589 530 645 circa
543 591 682 644 naturam
696 593 727 645 et
741 591 873 660 genesim
887 573 1101 647 causationum=

412 661 556 731 expositio
572 661 751 730 syntbetica.
842 674 844 677 ·

119 784 191 844 221.
214 815 255 826 -
274 781 466 843 Aristoteles
479 780 695 844 fundamenta
708 783 810 862 hujus
826 784 984 846 doctrinae
995 785 1091 864 jecit,
1123 802 1127 808 ·

82 877 159 938 quae
180 862 450 924 scholasticorum
466 862 745 939 disputationibus
760 864 929 939 illustrata,
945 869 979 928 in
994 866 1090 926 scho-

82 944 121 1003 lis
143 943 248 1021 viguit
266 958 375 1020 usque
397 941 439 1003 ad
461 941 654 1004 (lartesium.

125 1025 157 1083 ln
180 1023 240 1083 hac
261 1021 437 1096 sententia,
470 1022 535 1083 duo
566 1021 724 1099 principia
755 1024 862 1084 active
891 1027 1093 1085 concurrunt

83 1100 125 1161 ad
147 1103 372 1163 sensationem
394 1101 642 1174 efformandam,
671 1102 825 1164 nimirum
845 1102 1012 1182 obiectum
1035 1121 1090 1165 co-

83 1180 213 1260 gnitum
236 1187 269 1243 et
299 1182 487 1260 subjectum
517 1198 733 1260 cognoscens,
767 1198 829 1244 seu
859 1199 911 1244 res
934 1184 1093 1246 sensibilis

83 1279 156 1339 quae
177 1263 356 1339 praesentia
376 1278 436 1322 sua
457 1264 576 1323 excitat
597 1277 727 1328 sensus.
752 1266 784 1321 et
805 1263 876 1338 ipse
898 1279 1018 1332 sensns,
1037 1263 1095 1340 qrii

84 1346 182 1402 natus
204 1345 255 1403 est
275 1343 316 1404 ab
348 1342 511 1403 exteriore
541 1341 689 1404 sensibili
718 1341 893 1414 immutari,
927 1348 961 1402 et
990 1342 1097 1404 semel

83 1424 276 1484 immutatus
292 1423 368 1502 agit.
385 1421 450 1482 Sed
466 1421 631 1500 quomodo
646 1437 700 1482 res
712 1421 875 1483 sensibilis
886 1425 1008 1484 excitet
1022 1439 1096 1484 sen-

84 1517 170 1576 sum,
188 1505 222 1562 et
246 1502 317 1578 ipse
348 1517 466 1562 sensus
495 1502 650 1564 vitalitate
681 1517 742 1562 sua
771 1501 994 1564 sensationem
1021 1519 1097 1581 pro·

86 1580 197 1656 ducat,
219 1581 273 1644 hic
292 1582 477 1659 inquiritur.

126 1665 149 1723 l.
186 1661 363 1740 objectum
391 1659 582 1721 facultatem
612 1663 725 1721 movet
758 1659 857 1737 eique
892 1662 1003 1723 unitur
1036 1677 1098 1739 per

87 1743 205 1817 species
227 1741 446 1802 intentionales
466 1741 639 1801 sensibiles.
664 1740 798 1817 Species
820 1742 867 1800 sic
888 1757 1025 1804 movens
1047 1741 1097 1802 di·

89 1823 172 1882 citur
193 1821 420 1889 intentissimis,
446 1822 523 1898 quia
543 1837 604 1898 per
634 1835 717 1880 eam
737 1817 876 1880 facultas
899 1819 1098 1882 determina-

91 1905 141 1962 tur
162 1906 200 1962 ut
221 1901 255 1962 in
285 1901 455 1979 objectum
486 1901 594 1978 ipsum
625 1900 774 1974 intendit‚·
799 1902 833 1961 et
859 1903 910 1961 est
929 1902 1100 1976 sensibilis,

90 1985 166 2059 quia
191 1981 346 2042 ‘sensibus
375 1979 534 2056 deservit;
568 1977 702 2039 tandem
729 1978 847 2040 dieitur
871 1983 1000 2056 speeies.
1025 1981 1103 2058 quia

90 2062 179 2125 aliud
201 2059 311 2132 refert,
336 2076 397 2120 seu
417 2062 524 2138 ipsum
548 2059 728 2137 objectum,
752 2061 786 2120 in
808 2058 923 2121 ordine
944 2062 1103 2138 cognitio·
1147 2058 1149 2064 '

90 2144 157 2216 nis3
180 2158 278 2219 porro
301 2141 336 2202 id
358 2141 448 2218 quod
471 2137 559 2201 aliud
579 2136 681 2199 refert
702 2137 736 2199 in
758 2138 873 2200 ordine
889 2141 1098 2218 cognitionis,

91 2222 208 2284 dicitur
229 2222 358 2298 species
378 2221 432 2281 vel
451 2218 567 2281 forma.
599 2219 733 2296 Species
765 2235 900 2280 sensum
921 2221 1097 2282 immutans

91 2320 158 2364 non
180 2308 231 2362 est
252 2301 419 2380 objectum
440 2303 529 2362 utin
551 2314 587 2358 se
609 2302 660 2360 est
683 2318 691 2359 :
722 2315 752 2358 v.
786 2315 819 2376 g.
843 2299 940 2361 arbor
961 2316 1028 2361 non
1051 2304 1102 2361 est

91 2384 124 2443 in
138 2384 252 2451 oculo;
270 2379 332 2442 sed
346 2384 396 2441 est
409 2381 481 2456 ipsa
501 2377 664 2439 facultatis
675 2377 902 2441 determinatio
916 2384 1048 2442 causata
1062 2381 1102 2442 ab

92 2463 224 2540 objecto
246 2463 337 2523 utin
358 2477 394 2521 se
417 2464 478 2520 est.
502 2457 567 2519 Sed
598 2458 810 2535 distinguitur
839 2462 970 2536 species
995 2464 1101 2522 inten-

94 2543 222 2602 tionalis
244 2544 404 2616 impressa
435 2555 453 2599 a
481 2539 640 2599 materiali
670 2538 943 2616 impressionem
966 2554 1101 2618 organa.

93 2623 242 2684 facultas
266 2621 364 2690 enim,
388 2621 422 2679 in
445 2634 508 2697 qua
530 2616 700 2694 perficitur
720 2619 876 2691 sensatis,
901 2625 1028 2681 constat
1049 2637 1102 2681 or·

96 2716 183 2780 gano
206 2702 361 2771 animato,
385 2715 446 2760 seu
460 2699 621 2776 principio
642 2698 741 2768 vitali,
757 2699 952 2761 cimeteria.
970 2705 1105 2774 impres·

95 2785 143 2843 sio
164 2780 347 2843 materialis
366 2782 502 2840 vocatur
524 2778 576 2838 illa
598 2776 827 2841 determinatio
851 2794 925 2856 quae
948 2782 1104 2842 consiste-

96 2867 148 2924 ret
160 2865 195 2923 in
210 2861 311 2922 solius
325 2859 471 2919 materiae
486 2858 726 2919 immutatione.
742 2860 976 2920 Verumtamen
993 2860 1035 2921 ob
1053 2856 1118 2918 fa-'

97 2943 226 3003 cultatis
241 2940 407 3018 organicae
423 2941 584 3000 unitatem
597 2935 829 3000 indivisibilem
844 2939 941 2999 simul
953 2941 1105 3000 immuta·

97 3028 149 3083 tur
162 3039 271 3082 sensns
284 3023 350 3096 ipse
366 3024 398 3079 et
412 3033 584 3094 orgarium.
602 3019 715 3095 ltaque
728 3019 857 3093 speeies
869 3019 1103 3080 intentionales

96 3101 281 3171 sensibiles,
306 3114 380 3175 quae
403 3098 552 3158 effective
585 3101 784 3157 concurrunt
813 3098 909 3158 simul
940 3115 1016 3159 cum
1047 3113 1105 3176 po·

97 3184 205 3244 tentiis
221 3179 264 3241 ad
276 3177 483 3240 efficiendam
499 3179 732 3254 cognitionem,
750 3175 972 3240 determinant
986 3194 1105 3240 sensus

98 3262 140 3324 ad
162 3259 373 3339 percipienda
395 3256 560 3319 sensibilia
582 3256 725 3335 obiecta.
865 3271 869 3279 ’

136 3343 172 3403 ll.
208 3342 330 3401 Verum
353 3341 394 3400 'et
418 3338 531 3416 ipsum
565 3337 754 3415 subjectum
785 3337 890 3398 active
927 3339 1104 3397 concurrit.

98 3423 243 3484 Sensatio
276 3421 364 3480 enim
393 3417 427 3477 in
458 3416 528 3478 sola
557 3417 748 3492 receptione
780 3414 903 3494 speciei
933 3416 1106 3494 impressae

99 3519 164 3563 uon
186 3501 345 3570 consistit,
367 3495 483 3558 sedin
513 3498 698 3572 operatione
729 3511 807 3578 qua
830 3495 1020 3634 huffl'usmodi
1052 3513 1106 3557 re-

99 3581 250 3658 ceptione
273 3577 521 3639 determinatur.
546 3576 693 3636 Facultas
715 3574 857 3635 enimin
882 3591 950 3638 uxu
979 3577 1109 3654 speciei

98 3659 318 3724 intentionalis
339 3659 386 3717 sic
407 3655 625 3718 determinata
646 3653 690 3715 ad
710 3653 889 3734 agendum,
924 3672 984 3732 per
1012 3672 1109 3716 suam
