2642 4209
202 283 259 342 ltttt
503 301 681 343 rrnrvnnmu
702 301 908 344 tortuosorum

202 412 291 477 tiam,
323 413 383 472 sui)
420 411 549 472 diverso
578 412 724 482 nomine,
762 413 825 472 dici
852 413 1050 490 principium
1077 411 1173 487 qood
1197 414 1233 468 et

200 491 481 568 principiumque
510 507 641 551 suarum
664 493 831 552 actionum
859 490 942 569 (346)
974 511 980 551 :
1011 496 1109 567 prout
1137 503 1230 566 ergo

200 572 363 648 intelligit,
380 575 491 639 sentit,
515 571 593 644 vult,
613 575 675 631 etc.
705 571 823 634 dicitur
842 569 981 633 facultas
1004 569 1230 639 intellectiva,

202 654 368 722 sensitiva,
393 655 455 711 etc.
474 651 539 711 Sed
560 653 626 712 haec
642 653 806 712 sententia
828 651 959 717 videtur
973 653 1105 712 omnino
1119 649 1230 720 falsa,

202 735 273 791 tum
295 733 371 808 quia
394 729 488 790 dictis
503 732 631 791 Patrum
648 739 681 791 et
696 732 869 792 doctorum
886 732 1039 793 Ecclesiae
1055 729 1232 792 contraria

202 814 265 882 est,
289 811 344 888 qui
376 813 592 871 communiter
625 815 658 870 in
687 811 749 871 hoc
784 811 991 890 distinguunt
1012 817 1231 871 creaturasa

202 892 283 961 Dee,
302 891 391 967 quod
406 893 440 950 in
455 892 523 951 Deo
540 891 629 952 idem
645 896 722 950 sunt
737 892 879 952 essentia
905 900 937 952 et
961 892 1118 968 potentia,
1138 890 1230 950 dum

201 971 236 1030 in
257 971 414 1030 creaturis
437 987 489 1030 res
511 971 605 1031 aliter
633 987 669 1031 se
704 971 815 1040 hahet,
853 976 920 1030 turn
943 974 1019 1047 quia
1052 987 1119 1031 non
1146 970 1230 1030 sine

203 1048 349 1112 evidenti
375 1049 590 1110 fundamento
613 1051 646 1110 in
671 1068 719 1121 re,
745 1053 898 1126 potentie
933 1052 1048 1112 vitales
1069 1054 1161 1112 inter
1187 1064 1230 1108 se

204 1130 472 1208 distinguuntur:
492 1129 610 1190 dantur
632 1129 803 1191 evidenter
816 1132 1024 1208 praecisiones
1047 1130 1231 1208 objectivae

202 1212 289 1272 inter
319 1212 423 1271 varias
449 1211 613 1286 potentias
648 1209 773 1279 animae,
810 1208 977 1286 siquidem
1008 1209 1136 1270 diversa
1174 1213 1231 1269 est

204 1288 349 1350 definitio
375 1291 488 1349 anime
512 1295 544 1349 et
566 1291 797 1364 potentiarum.
824 1291 896 1350 Non
925 1297 975 1353 est
1000 1307 1078 1367 ergo
1102 1301 1166 1350 cur
1193 1289 1230 1349 in

203 1369 265 1434 hac
294 1370 456 1430 sententia
489 1369 685 1432 excutienda
724 1373 948 1432 immoremur.
993 1372 1093 1449 igitur
1116 1369 1231 1430 debet

204 1447 330 1509 admitti
350 1449 458 1525 aliqua
475 1449 637 1508 distinctio
656 1464 730 1508 cum
742 1449 958 1511 fundamento
973 1450 1007 1510 in
1022 1467 1058 1510 re
1073 1447 1127 1526 (o).
1153 1445 1229 1508 Sed

204 1528 310 1605 qualis
326 1536 376 1587 est
389 1529 451 1587 ista
467 1528 640 1601 distinctio,
659 1546 700 1589 an
714 1531 812 1590 realis
827 1532 869 1589 sit
889 1533 943 1592 vel
967 1534 1095 1590 tanturn
1114 1529 1225 1589 ratio-

203 1611 254 1668 nis
268 1607 489 1668 ratiocinata?

246 1689 281 1747 tl.
306 1689 422 1747 Scelus
446 1687 544 1748 docet
564 1690 730 1762 potentias
753 1689 910 1767 distingui
930 1688 1111 1750 formaliter
1141 1691 1226 1746 tan·

204 1772 273 1826 tum
310 1768 350 1826 ab
375 1768 517 1828 essentia
539 1768 666 1835 anime,
697 1769 843 1845 ideoque
866 1767 1228 1830 animaesubstantiam

205 1862 359 1907 essenon
379 1845 478 1908 modo
492 1849 644 1922 primum,
657 1845 830 1908 sedetiam
846 1848 1074 1908 immediatum
1089 1844 1224 1924 agendi

205 1927 402 2002 principium
427 1946 433 1985 :
458 1927 519 1988 sed
542 1932 707 2004 quatenus
729 1928 878 1988 obsolute
902 1927 1127 1988 consideratur
1151 1926 1226 1986 ani·

205 2019 290 2078 mus,
314 2007 497 2067 substantia
518 2007 719 2082 appellatum
744 2014 908 2084 quatenus
932 2007 975 2067 ad
999 2007 1088 2069 aliud
1112 2005 1223 2067 refer-

206 2091 268 2156 tur,
303 2101 364 2146 seu
396 2091 445 2145 est
474 2087 634 2160 operandi
655 2089 863 2163 principium,
888 2087 1027 2146 facultas
1049 2101 1226 2162 nuncupa-

205 2171 268 2225 tur.
292 2165 344 2226 Sic
366 2167 494 2224 animus
518 2171 568 2226 est
589 2167 786 2242 principium
805 2168 1070 2228 intellectionum
1085 2172 1118 2228 et
1132 2167 1223 2227 voli-

205 2247 344 2318 tfonum,
379 2252 410 2304 et
443 2244 563 2306 exinde
590 2247 778 2307 intellectus
809 2255 841 2308 et
872 2248 1025 2309 voluntas
1046 2250 1125 2307 sunt
1144 2247 1227 2321 ipsa

201 2328 321 2386 animae
343 2327 543 2398 substantia,
565 2324 598 2384 in
621 2332 783 2403 quantum
803 2329 871 2388 sive
893 2327 1057 2405 intelligit,
1082 2331 1116 2386 et
1137 2330 1225 2386 tunc

206 2405 325 2466 dicitur
345 2405 534 2477 intellectos,
558 2407 626 2466 sive
647 2407 727 2472 vult,
754 2411 787 2466 et
809 2413 887 2469 tunc
910 2406 1031 2469 dicitur
1055 2408 1222 2467 voluntas}

205 2487 285 2546 Hinc
320 2486 410 2546 nulla
448 2485 608 2546 distinctio
644 2487 742 2546 realis
776 2490 864 2548 inter
897 2490 1042 2548 animam
1076 2488 1226 2563 ejusque

203 2562 378 2626 facultates
399 2565 599 2639 spirituales;
624 2572 855 2626 verumtamen
879 2572 970 2628 actus
996 2565 1223 2644 intelligendi,

205 2660 293 2722 vg.
319 2643 528 2722 distinguitur
556 2645 596 2704 ab
619 2650 696 2705 actu
717 2647 895 2719 sentiendi,
920 2654 982 2707 etc.
1007 2651 1041 2706 et
1060 2647 1137 2708 ideo
1168 2663 1225 2706 re·

203 2725 343 2800 quiritur
365 2725 473 2800 aliqua
502 2724 679 2785 distinctio
704 2728 859 2803 Sequitur
892 2727 982 2804 quod
1013 2725 1225 2786 admittenda

205 2804 248 2862 sit
269 2807 397 2863 tantum
420 2803 584 2865 distinctio
606 2805 762 2878 ferreolis
782 2804 888 2885 (389):
913 2810 1002 2868 etin
1023 2807 1086 2866 hoc
1108 2806 1226 2868 differt

204 2883 272 2942 haec
292 2885 440 2944 secunda
451 2885 616 2944 sententia
638 2901 656 2944 a
682 2885 797 2959 prima,
822 2888 898 2962 quia
919 2887 980 2945 ista
1004 2887 1103 2946 etiarn
1118 2890 1226 2964 negat

206 2979 430 3040 quascumque
442 2963 649 3040 praecisiones
661 2965 925 3042 objectivas‚seu
948 2965 1175 3028 diversitatem
1188 2967 1226 3028 in

204 3043 274 3117 t'pso
297 3051 459 3119 concepto,
480 3042 599 3103 saltem
621 3059 696 3103 cum
717 3046 1039 3119 fundamentorum.

244 3125 396 3184 Rationes
422 3123 521 3198 tcjtts
534 3125 704 3183 sententiae.
732 3127 760 3184 l⁰
780 3128 897 3187 Anima
917 3124 964 3185 ibi
986 3129 1037 3185 est
1059 3123 1225 3185 essentia·

110 3208 116 3218 “
205 3202 280 3263 liter
314 3206 383 3262 tota
412 3203 470 3264 ubi
501 3205 669 3278 operatur,
700 3203 781 3265 licet
813 3210 916 3265 totam
951 3207 1124 3284 energiam
1155 3220 1226 3282 qua

203 3281 321 3344 fruitur
342 3295 408 3341 non
431 3286 572 3354 exserat,
596 3298 657 3346 seu
678 3283 757 3344 inibi
780 3285 912 3345 nonsit
934 3285 1120 3344 secundum
1137 3288 1225 3344 tota-

203 3363 331 3424 litatem
351 3363 487 3423 virtutis.
511 3365 609 3438 Atqui
630 3361 803 3423 facultates
824 3379 892 3423 non
914 3367 990 3424 sunt
1011 3362 1101 3426 aliud
1123 3378 1228 3440 quam

205 3447 317 3518 partes
338 3441 437 3517 hujus
460 3442 602 3518 energia
625 3442 746 3512 totalis
770 3458 841 3519 que
864 3443 982 3504 dicitur
995 3444 1099 3505 virtus
1113 3443 1226 3505 activa

205 3522 315 3594 animi,
340 3524 439 3596 atque
463 3523 515 3580 est
534 3519 608 3594 ipsa
629 3523 775 3580 essentia
795 3526 895 3598 prout
914 3523 1122 3600 inadequate
1144 3539 1227 3600 ope·

206 3628 498 3756 th(c)nfiospsih{d2atem
524 3629 583 3678 calis
609 3629 780 3682 distinctionis
807 3635 919 3685 ostendit
946 3637 978 3685 P.
1001 3634 1134 3696 Pdmieri,
1161 3635 1228 3688 ent.

238 3708 275 3742 ,ι
325 3729 332 3754 ,
365 3728 371 3740 .
436 3727 442 3739 .
