2642 4209
234 265 289 324 lla
535 281 715 328 anavnaruu
736 281 940 326 narcosorana

231 392 391 471 speciales
414 409 532 455 sensus
553 394 660 456 hausit
678 399 778 473 atque
800 411 888 456 nunc
910 395 952 458 ad
980 395 1225 476 imaginationem

233 473 383 548 traducit,
401 491 471 552 quae
492 477 537 536 ita
552 491 625 536 cum
646 477 747 536 rebus
771 479 915 539 externis
930 479 1149 558 conjungitur.

270 555 340 614 240.
358 589 396 598 -
411 556 530 614 Verum
545 554 587 615 ad
606 559 731 618 somnia
752 562 786 616 et
805 557 982 634 prasertim
1011 557 1053 618 ad
1074 559 1138 620 hac
1156 557 1228 623 facta

230 639 360 695 insueta
373 636 472 711 plene
487 634 690 710 explicanda,
716 652 785 713 quaa
800 641 918 697 statum
937 639 1052 716 vigilia
1066 639 1226 710 imitantur,

233 717 488 776 commemorata
522 715 738 793 hypotheses
760 715 846 776 sicut
875 721 909 776 et
932 719 999 778 aliae
1029 735 1100 795 quae
1130 717 1229 798 effingi

232 795 352 866 solent,
372 797 513 870 impares
535 797 623 855 sunt.
647 795 772 856 Scimus
795 800 904 856 tamen
924 797 991 858 haec
1016 795 1101 858 iacta
1120 801 1226 862 morbi·

234 873 308 934 dam
337 889 470 952 semper
499 891 638 952 arguere
669 875 703 935 in
724 876 955 937 somnambulis
982 877 1227 955 dispositionem,

232 967 364 1015 necnon
378 969 526 1032 magnam
536 957 722 1034 systematis
732 956 844 1017 nervei
854 957 1148 1033 perturbationem;
1162 976 1229 1036 quo·

208 1035 319 1112 ,circa
348 1033 515 1110 phantasia
542 1037 576 1095 in
609 1035 689 1111 ipsis
717 1035 845 1114 ingenti
874 1034 977 1113 pollet
1007 1038 1182 1099 mobilitate
1198 1058 1230 1101 ac

232 1114 357 1192 vigore.
381 1115 459 1174 Hinc
481 1130 554 1175 cum
575 1116 609 1174 in
623 1128 737 1174 somno
766 1131 833 1176 non
847 1116 979 1191 penitus
999 1120 1117 1195 sopitae
1136 1134 1231 1180 rema-

232 1197 333 1254 neant
354 1191 524 1255 facultates
546 1193 768 1267 intellectivae,
801 1202 862 1255 see
891 1197 966 1272 plus
996 1199 1104 1257 minus
1126 1214 1230 1274 erper-

232 1271 368 1353 geiactae
390 1290 464 1334 esse
486 1275 624 1351 possint,
646 1271 683 1333 fit
709 1278 747 1334 ut
766 1277 951 1354 imaginatio
972 1277 1063 1337 hisce
1084 1276 1231 1339 facultati-

232 1355 295 1414 bus
314 1356 435 1424 utatur,
458 1368 580 1431 easque
603 1353 665 1415 sibi
678 1353 841 1433 subjiciat,
857 1361 992 1433 propter
1004 1372 1167 1418 summam
1179 1374 1232 1434 qua

233 1433 336 1510 pollet
357 1433 579 1509 petulantiam.
604 1434 655 1494 Sic
686 1435 760 1493 haec
789 1437 868 1494 mira
896 1441 1104 1514 peraguntur
1135 1453 1232 1513 opera,

234 1530 304 1591 quae
341 1513 539 1590 caeteroquin
573 1513 607 1572 in
635 1517 721 1574 statu
749 1514 864 1591 vigiliae
885 1531 1018 1593 semper
1038 1534 1057 1576 a
1078 1517 1233 1594 phantasia

233 1595 458 1670 maximopere
478 1593 643 1670 pendent.

274 1675 389 1734 Fateor
419 1679 527 1734 tamen
547 1671 631 1734 facta
661 1673 770 1750 aliqua
791 1688 866 1750 quae
886 1675 1041 1751 ambitum
1063 1681 1232 1738 nostrarum

234 1753 424 1813 facultatum
444 1753 625 1814 naturalem
647 1760 858 1829 exsuperant,
882 1754 971 1814 nullo
997 1759 1093 1832 pacto
1119 1761 1233 1817 natura-

234 1834 309 1894 liter
330 1833 484 1909 explicari
507 1847 618 1910 posse.
648 1833 749 1910 Igitur
777 1835 812 1892 in
833 1833 947 1894 horum
970 1833 1130 1895 factorum
1153 1851 1235 1896 causa

235 1912 382 1974 eruenda
403 1929 471 1973 non
493 1918 543 1974 est
565 1927 623 1972 cur
645 1911 874 1991 confugiamus
901 1913 943 1973 ad
963 1915 1021 1974 has
1042 1915 1235 1994 hypotheses

235 1993 379 2054 insolitas
413 2009 484 2070 qua
519 1998 643 2053 naturae
680 1994 851 2070 compositi
885 1993 1016 2056 humani
1045 2000 1234 2074 repugnant,
1285 2068 1287 2079 Ι

235 2078 333 2150 atque
348 2073 515 2133 vinculum
535 2075 633 2135 animi
647 2075 682 2132 et
696 2073 838 2150 corporis
852 2074 897 2134 ita
910 2076 1081 2136 remissum
1094 2081 1128 2136 et
1141 2078 1236 2136 laxum
1285 2094 1287 2121 ¹

234 2153 359 2213 faciunt
379 2158 415 2214 ut
437 2155 564 2214 animus
588 2154 693 2230 possit
720 2169 739 2212 a
768 2153 913 2229 corporis
933 2154 1063 2216 vinculo
1088 2155 1236 2233 quodam·

235 2232 333 2293 modo
357 2234 438 2293 solvi
461 2253 468 2292 ε
491 2233 534 2294 ita
555 2248 631 2293 cum
651 2231 753 2292 rebus
776 2233 917 2293 externis
939 2237 1010 2294 sine
1041 2237 1237 2313 propriomm

235 2329 431 2392 organorum
443 2313 660 2390 applicatione
673 2315 938 2374 communicaret.
956 2317 1028 2374 lstae
1044 2316 1134 2376 enim
1148 2317 1238 2394 hypo-

236 2395 348 2454 theses
368 2394 457 2453 uullo
473 2393 579 2454 stabili
592 2391 773 2452 fulciuntur
795 2392 1022 2455 fundamento.
1052 2395 1139 2470 Quid
1163 2397 1240 2456 enim

234 2479 322 2535 vetat
344 2472 435 2551 quod
454 2473 489 2533 in
520 2471 821 2544 sumnambulismo,
859 2474 915 2549 qui
938 2472 1057 2535 dicitur
1082 2477 1237 2549 naturalis,

235 2554 418 2618 inveniatur
438 2551 526 2613 idem
547 2552 743 2630 principium
765 2551 928 2612 occultum
960 2555 1054 2634 quus
1079 2556 1240 2631 praesentia

234 2635 351 2694 merito
373 2633 531 2709 suspicari
552 2635 662 2709 potest
682 2631 716 2691 in
737 2633 1027 2695 somnambulismo
1049 2637 1240 2714 magnetica?

236 2714 424 2775 Daemonum
447 2714 531 2774 enim
546 2715 750 2775 intercursus
767 2713 906 2773 existere
927 2717 1036 2789 potest
1055 2716 1090 2774 in
1111 2719 1241 2792 utroque

239 2807 367 2854 somno.
391 2793 427 2856 ld
449 2795 537 2854 enim
557 2791 757 2869 probabilius
779 2790 946 2864 evaderet,
981 2797 1017 2856 si
1030 2795 1242 2855 considerare·
1285 2813 1287 2911 J

240 2877 292 2932 tur
311 2873 379 2934 hac
402 2873 486 2936 facta
505 2874 670 2934 rarissime
702 2871 907 2950 contingere,
933 2877 968 2933 et
1000 2875 1033 2933 in
1056 2874 1242 2951 quibusdam

240 2952 403 3032 adjunctis
425 2971 496 3032 quaa
514 2953 591 3034 J‘ure
612 2951 835 3035 suspicionem
856 2952 995 3032 gignere
1024 2960 1174 3031 possunt.

604 3081 821 3146 ARTICULUS
841 3083 879 3145 ΙΙ.

242 3223 289 3279 De
307 3223 380 3281 actu
400 3216 602 3294 intelligendi
620 3231 677 3277 seu
698 3217 737 3276 tte
757 3216 909 3275 idearum
929 3220 1045 3278 natura
1067 3220 1097 3276 et
1116 3219 1241 3294 criptae.

280 3349 351 3410 241.
374 3381 413 3391 -
433 3349 460 3407 A
480 3347 667 3410 sensatione
688 3342 731 3404 ad
751 3341 959 3420 intelligendi
983 3347 1089 3405 actum
1116 3347 1242 3425 migrare
1285 3392 1287 3405 ι

243 3435 382 3520 oportet,
408 3427 502 3504 cujus
521 3433 668 3488 naturam
690 3429 723 3485 et
742 3423 892 3502 genesim
923 3423 977 3484 hic
1005 3429 1114 3500 palam
1145 3424 1242 3489 iacere
1285 3424 1287 3578 Ι

245 3522 527 3660 cuffeneust‘ruaestio
549 3597 627 3642 sane
643 3587 695 3644 est
726 3579 858 3641 maximi
890 3581 1060 3654 momenti,
1082 3582 1160 3643 licet
1185 3596 1243 3642 non
1285 3638 1287 3644 ,

245 3665 413 3732 habeatur,
449 3664 485 3719 ut
517 3659 629 3734 plures
663 3664 776 3737 inepte
795 3660 939 3720 arbitrati
976 3666 1054 3722 sunt
1100 3666 1243 3740 tanquam
