2642 4209
279 269 474 314 nnrneuusien
497 267 651 314 seuerius
671 285 707 295 -
721 267 934 314 esnenoaoam.
1065 253 1122 314 127
1230 296 1232 301 .

106 399 177 460 207.
194 433 233 443 -
254 402 360 460 Tarsis
386 400 421 460 ΙΙ.
446 403 572 461 Bonam
595 403 772 478 appetitam
795 408 839 464 est
862 417 988 480 semper
1010 396 1128 479 aliano

147 481 243 540 neoda
258 480 376 540 bonnm
391 485 575 556 appetentis.
648 505 650 510 ·

146 596 379 656 Prab.Bonum
389 596 573 672 appetitum
584 597 831 658 estvelhonum
842 597 1012 674 proprium
1021 596 1123 673 ipsius

107 676 307 752 appetentis,
341 678 375 734 et
407 682 483 735 tuno
516 680 581 736 stat
603 677 716 745 thesis,
744 677 798 737 vel
821 677 946 738 honum
972 678 1120 748 alterius;

106 770 206 833 porro
230 757 257 814 si
273 757 324 814 est
344 755 470 816 honum
491 757 636 826 alterius,
659 755 741 818 illud
763 755 902 817 alterum
923 756 966 818 ad
986 773 1049 818 nos
1062 757 1123 818 ali·

109 833 276 912 quomodo
308 843 458 911 spectare
481 835 591 908 dehet,
615 852 694 895 nam
718 837 981 913 volitio'semper
1002 838 1121 914 impor-

109 919 156 975 tat
176 915 319 991 aliquam
347 914 540 992 relationem
572 915 810 977 convenientiae
838 917 924 976 inter
953 917 1121 978 volentem

108 998 142 1054 et
165 996 340 1054 terminum
360 993 445 1056 illius
467 999 569 1056 actus.
594 997 706 1075 ltaque
727 997 863 1063 honum,
887 995 978 1072 quod
992 999 1119 1074 appeti-

107 1077 171 1142 tur,
196 1079 247 1134 est
260 1089 392 1149 semper
413 1075 520 1151 aliquo
543 1075 641 1136 modo
657 1077 782 1136 honum
795 1076 898 1152 ipsius
920 1077 1117 1153 appetentis,

105 1153 185 1214 licet
206 1169 317 1213 amore
331 1154 573 1224 benevolentiae
596 1160 782 1233 appetatur.

443 1275 480 1328 lle
495 1277 630 1330 libertatis
645 1278 800 1332 existentia.

106 1391 173 1453 208.
192 1423 232 1433 —
245 1390 352 1449 Tussis
365 1387 417 1448 ιιι.
439 1389 590 1452 Voluntas
604 1395 647 1450 est
656 1392 801 1466 potentia
820 1391 990 1451 intrinsece
1004 1389 1119 1450 libera.

144 1507 241 1568 Prob.
259 1505 280 1565 1.
303 1503 459 1574 Libertas,
484 1508 535 1568 cui
551 1505 802 1569 contradictorie
817 1505 994 1583 opponitur
1007 1521 1123 1568 neces-

107 1589 197 1652 sitas,
214 1601 275 1644 seu
291 1583 520 1645 determinatio
544 1585 587 1645 ad
607 1603 723 1659 unum,
747 1588 782 1647 in
803 1590 968 1661 potestate
992 1586 1118 1664 eligen-

109 1665 140 1727 di
163 1666 321 1734 consistit,
337 1665 446 1740 Atqui,
463 1669 500 1725 ut
522 1669 661 1743 quisque
678 1665 737 1727 sihi
761 1665 912 1727 conscius
935 1672 994 1734 est,
1017 1665 1117 1725 homo

108 1762 166 1824 pro
190 1746 281 1805 lihito
297 1748 409 1819 potest
423 1760 524 1822 agere
548 1745 602 1806 vel
620 1760 689 1806 uon
709 1761 827 1824 agere;
853 1745 1119 1823 frequentissime

108 1824 271 1887 deliberat
306 1823 347 1883 de
377 1823 549 1901 eligendis
578 1828 679 1903 atque
712 1841 730 1886 e
760 1824 890 1886 duobus
927 1825 1023 1886 honis
1058 1824 1119 1884 sibi

105 1906 282 1984 propositis
302 1903 494 1964 alterutrum
517 1906 640 1984 eligere
661 1910 718 1965 aut
751 1908 929 1983 utrumque
960 1919 1119 1980 respuere

107 1989 188 2064 quit,
215 1985 281 2044 imo
303 1987 379 2058 post
408 1989 574 2055 eventum,
596 1985 673 2046 vitio
703 1985 758 2046 vel
786 1985 876 2045 laudi
907 1984 1119 2046 deliberatio-

105 2082 184 2127 nem
206 2064 268 2126 sibi
290 2062 409 2123 tribuit.
426 2067 509 2144 Ergo
532 2080 572 2125 ex
600 2065 800 2126 ineluctabili
823 2064 1032 2125 conscientiae
1056 2068 1119 2125 tes-

106 2145 242 2208 limonio
273 2147 402 2202 constat
431 2161 505 2206 esse
525 2147 560 2206 in
589 2144 722 2206 homine
753 2147 950 2221 potestatem
973 2143 1119 2222 eligendi
1220 2205 1222 2210 .

105 2241 166 2287 seu
183 2225 381 2287 libertatem.
404 2225 468 2284 Hoc
490 2230 723 2302 argumentum
745 2228 844 2285 tantae
873 2227 923 2285 est
944 2225 1119 2300 perspicui·

105 2307 181 2366 tatis
216 2308 254 2364 ut
301 2317 416 2364 revera
437 2321 504 2366 non
545 2309 596 2365 est
630 2320 689 2364 our
726 2305 761 2364 iu
799 2305 871 2380 ipso
912 2305 1118 2365 enucleando

107 2397 360 2447 commoremur.

143 2466 242 2526 Prob.
267 2463 305 2521 ιι.
321 2463 367 2521 Ex
389 2465 553 2540 communi
574 2462 744 2523 hominum
759 2478 870 2523 sensu.
891 2461 988 2539 Apud
1003 2479 1119 2524 omnes

106 2551 226 2626 gentes
250 2544 459 2620 quantumvis
474 2544 613 2603 incultas
638 2545 849 2620 reperiuntur
868 2543 1020 2604 notiones
1036 2543 1119 2621 justi

108 2631 140 2689 et
159 2625 285 2704 injusti,
301 2623 409 2688 meriti
431 2627 464 2683 et
485 2621 645 2690 demeriti,
671 2628 748 2694 etc„
771 2637 834 2683 nec
856 2629 924 2682 nen
948 2624 1118 2685 inveniun-

107 2711 159 2767 tur
179 2706 274 2784 leges
305 2711 338 2768 et
357 2707 534 2781 percepta:
566 2706 731 2779 praeterea
751 2719 832 2762 usus
854 2703 1064 2764 consiliarum
1086 2709 1119 2764 et

106 2787 338 2858 hortationum,
361 2784 615 2862 promissionum
630 2786 665 2844 et
678 2783 969 2843 comminationum
991 2781 1117 2843 eisdem

106 2883 173 2928 non
196 2870 247 2925 est
267 2867 403 2936 alienae,
426 2869 488 2924 ete.
511 2863 609 2940 Atqui
629 2863 826 2922 haecomnia
841 2865 955 2923 essent
974 2861 1117 2923 absurda

106 2961 241 3024 prorsus
263 2951 297 3006 et
317 2944 454 3007 ridicula
476 2943 502 3003 si
516 2943 670 3002 humanae
693 2943 839 3002 actiones
860 2958 929 3002 non
950 2957 992 3001 ex
1016 2942 1115 3004 liher-

107 3031 172 3088 tate
195 3026 330 3100 arbitrii,
353 3023 413 3085 sed
435 3039 476 3083 ex
510 3022 712 3084 ineluctabili
737 3023 936 3082 necessitate
957 3020 1118 3098 procede·

105 3110 189 3168 rent.
220 3107 306 3185 Ergo
342 3101 592 3182 persuasionem
612 3101 667 3162 de
691 3100 795 3162 libero
821 3100 962 3163 hominis
984 3101 1117 3164 arbitrio

103 3187 291 3248 habuerunt
311 3200 427 3246 omnes
448 3187 577 3262 gentes.
764 3258 770 3271 ι
797 3256 799 3261 Ι

141 3267 254 3329 Potest
276 3265 374 3332 etiam
395 3265 527 3341 probari
557 3260 677 3322 eadem
704 3263 823 3321 veritas
854 3274 916 3336 per
942 3261 1116 3330 rationem,

103 3351 139 3409 ut
159 3351 277 3426 postea
290 3343 459 3416 dicemus,
491 3339 698 3404 ostendendo
722 3339 849 3400 nullum
870 3340 995 3400 honum
1016 3355 1117 3418 posse

103 3428 306 3490 voluntatem
328 3423 371 3486 ad
386 3440 424 3484 se
445 3424 633 3483 necessario
650 3419 792 3490 trahere,
812 3422 868 3478 aut
890 3419 963 3497 ejus
985 3421 1114 3501 rapaci-

105 3512 205 3569 tatem
227 3502 408 3584 appetendi
428 3500 572 3579 explere,
595 3500 659 3562 nisi
679 3514 844 3560 summum
865 3498 1002 3559 honum.

142 3588 215 3650 209.
239 3616 277 3628 -
300 3583 479 3646 Sabellam.
495 3582 641 3643 Diximus
661 3578 695 3639 in
717 3578 800 3638 thesi
820 3578 1017 3639 volantatem
1040 3593 1114 3639 esse

104 3668 253 3737 liberam,
275 3679 352 3725 nam
365 3665 500 3726 libertas
520 3661 638 3724 insola
653 3659 823 3721 voluntate
836 3655 1018 3719 formanter
1033 3657 1114 3719 resi-
