2642 4209
240 288 438 334 66166616166
460 287 615 333 sranius.
634 303 671 314 -
686 291 899 335 6616666666.
1025 270 1083 334 ne

58 401 239 475 individui,
267 403 340 465 haec
366 405 509 464 66666116
533 403 589 466 tibi
615 395 749 465 exhibet
764 403 946 464 6616616616
974 404 1082 463 direc-

59 488 147 554 1616,
180 483 265 560 quod
291 493 399 546 tamen
428 499 470 544 em
496 500 528 544 se
555 500 612 544 661.
636 485 898 560 sinprtteritetem
921 484 997 543 dicit
1025 499 1083 544 aec
1158 549 1160 557 ,

61 563 354 624 universalitatem.
379 567 419 625 At
441 579 543 640 quum
564 563 751 624 intellectus
764 568 797 625 in
812 564 950 640 primam
966 564 1082 639 cogni·

62 645 194 703 tionem
209 648 390 716 revertens
415 643 498 703 1666
522 645 690 703 essentiam
712 648 880 719 comparet
902 658 978 703 cum
1000 640 1082 700 indi·

61 721 174 784 viduis
196 723 355 792 humanis,
384 723 418 783 in
447 721 565 799 quibus
587 725 761 798 reperitur,
784 724 837 783 hic
852 725 1024 798 respectus
1040 721 1083 782 ad

63 803 174 878 plura,
192 819 256 880 ope
271 801 468 871 reflexionis‚
489 803 665 862 universali
690 803 814 863 directo
839 801 981 873 additus
1007 799 1084 864 iacit

64 886 102 942 ut
127 883 196 943 haec
223 884 365 944 essentia
391 881 497 942 taliter
519 884 727 958 apprehensa
747 882 875 944 dicatur
896 882 1082 943 universale

64 959 241 1031 reflexum,
258 961 349 1040 quod
363 964 396 1023 16
412 961 558 1040 quinque
573 962 790 1038 praedicabilia
806 961 960 1024 dividitur
973 958 1047 1039 (49).

106 1043 331 1118 Promptiana
351 1057 443 1118 pers,
465 1057 586 1116 nempe
607 1042 802 1102 intellectum
821 1044 991 1118 percipere
1016 1042 1083 1101 sia-

65 1121 215 1196 putaria.
234 1123 421 1182 intellectus
436 1125 549 1182 noster
564 1119 605 1181 de
620 1123 840 1200 singularibus
865 1119 929 1182 fert
944 1118 1082 1200 judicia,

65 1201 304 1262 ratiocinatur:
323 1201 414 1277 atqui
430 1199 464 1261 id
478 1202 679 1272 impossibile
694 1201 779 1262 foret
800 1203 826 1262 si
848 1202 945 1262 homo
963 1203 1085 1277 praeter

67 1281 294 1358 cognitionem
333 1281 557 1359 singularium,
596 1297 696 1359 quam
734 1282 833 1342 hahet
866 1297 927 1358 per
953 1293 1083 1352 sensae,

67 1362 259 1440 cognitione
274 1359 484 1424 intellectuali
507 1362 698 1422 eorumdem
714 1378 781 1422 666
796 1360 971 1422 frueretur.
998 1361 1083 1438 Ergo

67 1441 258 1502 intellectus
281 1446 393 1500 noster
405 1441 583 1520 singularia
598 1441 747 1517 percipit.

109 1521 219 1594 Major
254 1522 455 1596 experientia
490 1527 610 1582 6666161
636 1542 646 1580 .·
676 1524 847 1582 innumera
882 1519 971 1582 enim
1008 1521 1086 1579 sunt

65 1600 192 1679 judicia
221 1617 291 1678 que
320 1601 404 1660 circa
427 1597 593 1661 individua
614 1606 788 1661 versantur
811 1620 818 1660 ε
840 1616 872 1660 v.
895 1616 943 1677 g.,
970 1598 1086 1659 Petrus

71 1684 121 1740 est
135 1679 248 1752 homo,
264 1680 316 1740 hic
332 1695 438 1757 equus
454 1686 503 1740 est
517 1681 648 1752 animal,
665 1684 743 1750 etc„
757 1682 792 1740 16
808 1679 927 1756 quibus
941 1677 1085 1756 subjecti

72 1759 243 1839 cujusdam
255 1759 428 1839 singularis
438 1758 644 1821 identitatem
656 1757 855 1821 affirmamus
865 1773 939 1819 curn
950 1759 1085 1819 notione

75 1841 264 1900 universali.

112 1920 330 1980 illineretiam
355 1918 424 1980 sola
445 1919 663 1994 explicatione
684 1922 762 1996 eget
784 1936 791 1977 :
813 1915 976 1995 judicium
996 1917 1085 1979 enim

72 2001 135 2058 stat
155 2002 190 2062 in
215 1999 446 2075 perspicientia
471 2003 504 2059 61
525 1997 747 2059 declaratione
773 1996 1012 2059 convenientiae
1033 1997 1088 2058 vel

73 2079 298 2156 discrepantia
321 2078 471 2140 idearum
495 2098 503 2138 ε
530 2093 610 2156 ergo
632 2077 818 2138 intellectus
851 2074 939 2139 ferre
967 2080 1086 2154 nequit

68 2156 204 2236 judicia,
222 2175 283 2220 seu
297 2159 415 2219 intueri
437 2157 586 2220 idearum
603 2158 865 2219 convenientiam
887 2157 940 2217 vel
965 2156 1085 2218 discre-

72 2239 227 2314 pantiam,
245 2239 306 2298 6161
321 2239 419 2299 611661
439 2237 497 2298 has
518 2237 610 2298 ideas
626 2241 821 2298 contueatur
833 2240 866 2297 et
880 2236 1084 2314 distinguat:
1183 2236 1188 2247 “

73 2319 203 2378 sienim
222 2334 288 2379 una
309 2319 398 2378 notio
422 2321 510 2378 esset
535 2318 575 2386 16
595 2333 661 2376 666
686 2314 841 2377 facultate
869 2319 903 2376 61
927 2317 1030 2377 altera
1051 2318 1086 2376 in

72 2398 220 2473 potentia
250 2397 388 2470 diversa,
418 2397 507 2458 nulla
536 2396 735 2472 comparatio
764 2399 850 2456 foret
873 2396 1038 2472 possibilis
1075 2415 1083 2455 ε

73 2495 102 2539 v.
118 2492 167 2556 g.,
183 2476 218 2537 id
233 2477 323 2555 quod
339 2481 389 2538 est
411 2479 445 2538 in
466 2479 536 2538 visu
559 2492 627 2535 666
652 2478 761 2544 661661
785 2475 826 2536 ab
845 2475 906 2535 hac
929 2473 1086 2536 facultate
1112 2508 1116 2515 ·

74 2555 214 2620 conferri
230 2573 305 2618 cum
320 2572 359 2617 66
376 2555 465 2633 quod
481 2558 514 2616 16
537 2559 625 2615 16616
640 2556 693 2615 vel
716 2559 816 2632 gustu
839 2552 942 2625 foret;
966 2569 1084 2616 verum

75 2639 161 2698 visus
184 2635 250 2697 duo
276 2637 405 2715 objecta
431 2636 572 2699 colorata
598 2649 674 2711 quae
700 2635 869 2712 conspicit,
896 2650 1086 2712 comparare

76 2721 193 2794 potest.
218 2716 434 2793 Patetitaque
463 2715 668 2775 intellectum
690 2729 756 2775 666
785 2730 882 2791 posse
908 2713 1087 2793 singularia

76 2796 226 2858 66616116
263 2808 337 2857 cuin
367 2795 606 2857 universalibus
627 2795 688 2854 nisi
712 2794 809 2855 simul
825 2793 1030 2858 ‚universalia
1055 2798 1089 2855 et

76 2875 253 2955 singularia
268 2877 333 2936 sint
347 2877 408 2952 ipsi
425 2875 612 2951 praesentia.

115 2955 210 3016 Prob.
240 2957 376 3016 66166116
400 2970 492 3030 pers,
527 2955 652 3014 scilicet
680 2953 838 3029 objectum
859 2955 1035 3027 preprium
1059 2959 1088 3016 et

77 3038 233 3096 directum
247 3035 424 3096 intellectus
440 3051 504 3096 esse
519 3032 714 3095 6616616616.

112 3116 175 3176 Per
196 3115 381 3176 universale
400 3113 682 3174 indiscriminatim
706 3116 874 3187 sumptum
898 3111 1091 3191 intelligitur

76 3197 143 3272 ipsa
173 3193 340 3271 quidditas
369 3201 531 3272 quatenus
558 3191 743 3270 prascindit
766 3191 807 3251 ab
831 3189 1090 3252 individuatione

78 3276 259 3349 numerica;
293 3277 384 3351 atqui
412 3274 579 3350 proprium
617 3271 781 3349 objectum
819 3271 1007 3332 intellectus
1040 3275 1092 3332 est

79 3355 142 3416 sola
163 3355 376 3432 reicognitee
399 3351 555 3425 essentia,
584 3351 618 3411 id
648 3356 709 3417 est,
740 3348 906 3429 quidditas
941 3351 1091 3412 absolute

79 3438 237 3509 spectata,
260 3448 324 3492 666
340 3436 453 3494 autem
474 3432 609 3493 relative
624 3431 667 3491 ad
683 3431 746 3491 tale
765 3428 981 3492 individuum.
1006 3432 1091 3509 Ergo

79 3513 110 3573 id
125 3513 213 3589 quiid
230 3514 416 3574 intellectus
437 3517 551 3574 noster
564 3511 669 3590 primo
695 3515 728 3571 61
751 3509 874 3571 directe
897 3511 1027 3592 attingit
1042 3514 1093 3571 est

86 3594 279 3654 universale.

118 3671 369 3733 Praescindimus
396 3669 449 3732 hic
472 3688 492 3732 a
513 3669 701 3748 particulari
728 3668 937 3733 distinctione
961 3670 1091 3730 univer·
