2642 4209
225 91 285 155 278
539 113 719 158 6661616166
738 110 940 156 6666666166

262 229 304 284 111.
320 227 362 281 De
377 226 533 282 memoria
546 226 750 298 intellectiva,
762 241 827 297 quae
840 226 940 282 differt
954 242 971 282 a
986 228 1139 284 sensitiva.
1189 232 1234 287 122

261 301 371 355 Tussis
385 299 405 352 l.
422 297 578 353 Memoria
598 298 793 353 intellectiva
808 297 845 353 ab
860 298 1074 369 inleliipentia
1089 314 1156 354 non

226 369 355 439 differt:
370 368 483 438 objecta
502 370 580 424 enim
595 369 733 427 formalia
745 383 805 424 non
820 372 890 424 sunt
905 369 1032 426 diversa.
1048 368 1156 426 Scliol.

226 440 283 497 Sed
297 440 361 495 haec
374 440 516 495 memoria
530 443 576 495 661
590 452 698 495 munus
719 440 900 510 particulare
924 441 1141 512 intelligentiae.
1190 444 1234 499 122
1293 502 1294 509 ¹

260 513 371 568 Tussis
389 511 421 565 ll.
446 510 601 566 Memoria
625 511 840 567 mediantibus
866 512 999 580 subjecti
1028 512 1153 567 actibus

226 583 388 640 exercetur
407 582 503 637 etiam
518 586 603 637 circa
617 582 735 653 objecta
752 584 868 653 16666
883 600 890 635 :
907 581 1016 638 directe
1031 596 1155 639 exerce-

224 656 277 709 tur
289 653 368 708 circa
382 656 476 725 actus,
492 667 561 707 nam
576 653 641 721 eius
655 653 789 723 operatio
805 652 941 708 consistit
964 654 995 709 iu
1009 654 1151 721 recogni-

224 725 316 781 tione.
332 727 363 779 2·
375 738 448 793 pars
464 742 472 777 .·
487 723 647 779 sedetiam
662 724 805 779 iertnrin
821 723 947 796 objecta,
972 727 1006 779 ut
1030 740 1066 780 ex
1092 726 1156 796 ipsa
1294 792 1295 797 η

225 795 410 865 experientia
419 797 543 850 constat.
1080 832 1081 839 .
1189 796 1234 853 123
1294 800 1295 807 ’

260 866 306 923 De
321 866 482 920 memoriae
496 865 657 921 divisione
677 866 706 919 el
721 864 920 921 excitatione.
942 866 1084 921 Memoria
1109 868 1155 921 661

226 937 275 993 vel
294 939 456 1007 spontanea
470 937 518 991 vel
532 936 713 991 voluntaria.
739 937 893 992 Excitatur
907 951 962 1007 ope
985 936 1156 1009 praesertim

226 1008 400 1064 attentionis
414 1010 444 1062 61
459 1008 663 1063 associationis
678 1006 822 1063 idearum.
1188 1007 1233 1064 123

260 1081 306 1135 lv.
325 1079 367 1133 De
381 1078 561 1147 reflexione.
580 1078 691 1147 Duplex
714 1077 860 1134 reflexio:
889 1079 1035 1150 completa
1058 1081 1089 1133 et
1111 1078 1158 1133 in-

225 1149 386 1220 completa3
404 1149 550 1219 completa
573 1149 683 1204 iterum
699 1148 843 1204 dividitur
870 1149 900 1203 in
917 1150 1154 1219 psychologieam

226 1223 263 1347 οἱ
266 1220 480 1345 661616ςὶ666,
496 1222 586 1291 prout
600 1234 633 1275 se
647 1222 797 1275 convertit
812 1219 849 1275 ad
869 1220 1035 1290 subJeotum
1051 1220 1100 1275 vel
1119 1221 1156 1276 ad

225 1306 243 1347 o
276 1306 309 1346 66
325 1305 384 1347 um.

260 1308 379 1418 1166616.
396 1360 452 1415 Vis
469 1359 937 1431 66116616ηά1611616111666116
954 1376 1019 1417 nou
1035 1360 1154 1431 differt.

225 1432 257 1488 ld
266 1431 345 1488 enim
360 1434 476 1488 constat
489 1435 554 1488 turn
568 1446 605 1486 ex
618 1434 726 1487 natura
741 1436 805 1487 tum
815 1447 852 1486 ex
862 1432 976 1502 obJecto
986 1431 1104 1487 formali
1113 1447 1157 1488 re·
1296 1484 1297 1505 ¹

224 1502 370 1560 flexionis.
384 1502 485 1559 Corcl.
501 1502 689 1558 Conscientia
703 1505 750 1559 661
764 1506 846 1558 66166
862 1502 1075 1572 intelligentiae.
1190 1504 1236 1560 125

259 1577 291 1631 ll.
309 1574 353 1629 ne
363 1575 509 1645 appetitu
524 1571 718 1629 intellectiva
729 1576 758 1629 et
773 1574 924 1630 libertate.
940 1576 994 1629 Hic
1008 1574 1157 1647 appetitus

226 1646 420 1715 distinguitur
435 1646 470 1701 ab
485 1644 648 1699 1616116616.
1191 1647 1237 1702 125

230 1787 236 1799 ·
259 1719 408 1799 1666161.
438 1716 593 1798 Voluntas
615 1718 761 1797 appetere
780 1715 893 1797 nequit
917 1714 1042 1821 6161161
1071 1714 1157 1786 quod

223 1786 1156 1939 61111111163111116111611161111111,
1297 1862 1298 1881 .

226 1944 279 1985 seu
294 1931 340 1984 est
353 1929 475 1999 bonum,
495 1942 610 1983 necnon
625 1931 655 1982 20
670 1928 758 1983 habet
777 1933 923 1993 rationem
947 1928 996 1982 vel
1010 1930 1111 1999 medii,
1127 1931 1157 1984 61

225 2003 291 2056 tum
310 2002 355 2054 est
369 2000 480 2055 bonum
494 1999 576 2071 utile,
593 1998 733 2069 velitris,
750 2001 779 2053 et
794 2002 867 2055 tuuc
881 2002 927 2054 661
941 2000 1099 2073 motivum.
1190 1998 1237 2055 126

260 2073 369 2127 Tussis
381 2073 413 2125 ll.
429 2071 558 2126 Bonum
572 2070 753 2141 appetitura
768 2074 812 2125 est
827 2086 953 2140 semper
967 2070 1077 2141 aliquo
1089 2086 1156 2125 mv·

225 2141 266 2197 do
277 2141 397 2197 bonurn
417 2141 606 2213 appetentis,
623 2156 682 2197 666
701 2141 771 2196 talis
785 2144 831 2196 661
845 2144 953 2197 natura
967 2141 1157 2211 appetitionis

225 2216 259 2269 61
273 2211 304 2266 id
318 2212 398 2280 quod
412 2214 579 2284 appetimus
593 2210 631 2267 ad
644 2225 700 2266 666
714 2212 813 2281 aliquo
827 2212 914 2268 modo
928 2215 1050 2282 spectet.
1190 2212 1237 2268 121
1298 2236 1299 2249 ÷

260 2282 304 2338 De
320 2282 471 2339 libertate.
483 2286 592 2339 Turesis
606 2285 648 2339 lll.
670 2281 821 2336 Voluntas
831 2283 1026 2353 estpotentia
1037 2282 1156 2337 libera:

225 2354 257 2410 id
269 2354 377 2425 prohat
401 2356 430 2410 1⁰
444 2354 627 2425 experientia
641 2354 876 2423 uniuscujusque
891 2354 1028 2424 hominis,
1045 2357 1076 2409 2ο
1092 2366 1158 2407 666-

225 2425 466 2552 666ὲ66ὲ6616616.
481 2424 587 2481 Schol.
609 2424 743 2479 Libertas
767 2424 798 2479 16
817 2424 970 2480 voluntate
988 2423 1157 2480 formaliter
1192 2495 1238 2550 m

225 2510 285 2552 resi
306 2511 346 2552 e.

261 2566 306 2622 De
321 2567 419 2621 variis
435 2565 586 2621 libertatis
598 2564 773 2635 speciebus
784 2566 933 2621 Dividitur
945 2565 977 2619 16
987 2564 1157 2621 libertatem

225 2637 343 2693 arbitrii
352 2640 382 2693 el
392 2637 584 2693 executionis.
596 2636 731 2691 Libertas
741 2636 857 2691 arbitrii
868 2634 1011 2691 dividitur
1024 2637 1054 2690 in
1071 2636 1157 2691 liber·

225 2710 319 2764 tatem
343 2708 588 2764 contradictionis
612 2707 832 2762 contrarietatis
860 2711 891 2762 et
919 2706 1156 2777 specificationis.

224 2778 427 2835 indifferentia
440 2781 544 2850 potest
562 2792 628 2835 esse
643 2778 740 2832 activa
755 2778 819 2833 sive
834 2778 983 2849 principii,
993 2779 1044 2833 vel
1055 2778 1156 2849 passi-

225 2865 265 2905 va
280 2864 332 2905 666
352 2850 489 2920 subjecti.
1193 2848 1238 2903 128

260 2922 371 2976 Tussis
385 2923 430 2977 lV.
446 2919 520 2977 Sola
534 2917 754 2988 indifferentia
778 2919 1039 2975 contradictionis
1054 2920 1099 2973 est
1117 2918 1156 2975 de

226 2995 358 3046 essentia
379 2991 537 3047 libertatis.
563 2992 636 3045 Nam
661 2992 690 3046 1⁰
713 2992 800 3059 11666,
826 2992 875 3060 661
901 2993 946 3045 661
968 2990 1101 3059 66616616
1124 2990 1158 3044 11-

225 3061 290 3132 ber,
305 3076 366 3117 non
380 3062 469 3118 habet
482 3062 651 3118 libertatem
665 3062 902 3124 contrarietatis·
916 3064 947 3116 2ο
961 3063 1092 3130 66166166
1108 3060 1158 3115 eli-

226 3132 317 3203 gandi
335 3135 486 3203 reperitur
499 3134 529 3188 16
549 3131 749 3187 indifferentia
772 3131 1025 3187 contradictionis.
1050 3130 1156 3187 Sahal.

226 3205 259 3260 ln
273 3204 354 3259 61616
367 3204 518 3275 praesenti,
534 3204 655 3259 libertas
670 3204 889 3259 contrarietatis
912 3204 959 3259 est
981 3202 1018 3257 de
1030 3202 1157 3258 ratione

226 3273 313 3329 liberi
327 3275 445 3330 arbitrii
458 3277 609 3331 contracte
623 3274 743 3345 sumpti.
1191 3274 1237 3329 129

255 3347 421 3427 1666161.
441 3346 597 3401 Voluntas
612 3343 807 3425 1166166616
820 3343 1069 3426 66666661161616
1084 3342 1155 3399 adi-

227 3414 1155 3553 1161111111111111611111111111111

217 3556 307 3620 ¹Deus
320 3556 406 3612 nohis
418 3556 529 3611 inlerre
543 3557 751 3612 necessitatem
764 3570 824 3611 non
838 3557 912 3614 vult.
1190 3555 1235 3613 131
