2642 4209
444 239 565 300 250
1056 259 1422 303 ssnEvanmM
1465 258 1871 303 PfflLosormAE

522 370 667 430 425.
712 403 791 415 —-
830 371 946 432 Ast
989 369 1141 431 dum
1188 371 1527 449 speciatim
1570 374 1785 451 agitur
1830 372 1912 434 de
1957 372 2152 433 modo
2201 377 2268 433 et
2311 374 2468 437 ordi-

447 465 531 510 ne
578 466 708 527 quo
752 465 859 511 res
904 468 941 511 a
982 452 1121 513 Deo
1169 452 1506 525 distinctae,
1554 454 1908 532 cognitioni
1954 452 2099 532 ejus
2157 452 2465 514 exhihen-

454 534 574 601 tur*
626 530 706 590 al)
768 530 1047 592 invicem
1110 529 1460 594 dissentire
1525 532 1817 611 theologi
1877 537 2245 610 coeperunt.
2293 533 2469 596 Nulla

454 617 674 669 taini-²1]
709 611 890 687 viget
934 614 1377 673 controversia
1421 614 1594 672 circa
1634 614 1900 674 modum
1946 629 2075 690 quo
2134 613 2316 674 Deus
2375 630 2469 675 co-

450 693 705 765 gnneeit
772 692 1075 753 essentias
1141 708 1359 753 omnes
1422 692 1754 767 possibiles
1810 714 1832 753 .·
1892 690 2312 753 manifestum
2380 700 2470 755 est

454 773 622 829 enim
674 770 882 829 Deum
926 785 1039 831 eas
1080 772 1449 849 intelligere
1489 772 1558 831 in
1599 789 1720 833 sua
1761 771 2064 836 essentia.
2100 773 2339 833 Futura
2365 790 2466 834 ne-

454 853 733 909 t-,uee-zaria
774 851 1023 911 nullam
1063 848 1204 913 fere
1250 850 1701 914 difficultatem
1745 868 2011 929 quoque
2062 851 2412 929 praeferunt
2452 872 2463 912 :

454 929 610 989 Nihil
658 932 839 990 vetat
881 932 1039 1008 quin
1065 928 1386 992 ‘dicantur
1426 947 1465 991 a
1508 933 1647 993 Deo
1692 933 1974 1009 perspici
2020 936 2158 993 tum
2203 932 2273 992 in
2323 950 2469 993 cau-

450 1013 558 1081 sis,
610 1017 747 1069 tum
786 1009 854 1069 in
901 1010 1166 1074 decreto
1213 1028 1344 1089 quo
1393 1009 1690 1073 decernit
1728 1014 1835 1074 vel
1877 1013 2192 1089 permittit
2218 1018 2295 1074 ut
2334 1028 2466 1073 eve—

454 1093 630 1149 mant
674 1087 1049 1167 aliquando,

530 1168 972 1231 1321÷1cberrimae
1015 1170 1215 1249 igitur
1253 1171 1374 1231 inae
1422 1172 1878 1233 controversiae
1920 1173 2089 1231 inter
2115 1171 2468 1233 Thomistas

454 1253 514 1305 ei.
562 1249 719 1309 :ilios
764 1249 1113 1328 theologos
1155 1252 1509 1329 viguerunt
1561 1253 1912 1327 praesertim
1981 1249 2205 1327 quoad
2264 1249 2467 1312 futura

450 1329 650 1389 libera
694 1330 831 1389 sive
875 1330 1172 1391 absoluta
1203 1332 1340 1391 sive
1375 1331 1841 1391 conditionata.
1878 1332 1948 1390 ln
1976 1331 2161 1392 hisce
2195 1330 2466 1408 disputa·

454 1405 736 1469 {iniimus
768 1410 983 1487 agitur
1010 1408 1286 1471 maxime
1305 1410 1404 1470 xde
1451 1426 1776 1472 concursu
1806 1410 2032 1471 divinae
2062 1413 2465 1487 praescientiae

450 1505 590 1545 rum
638 1487 844 1551 libero
890 1489 1242 1552 voluntatis
1282 1494 1520 1551 nostrae
1563 1495 1769 1551 motu,

526 1569 863 1630 Tiiomistae
904 1571 1266 1648 generatim
1314 1586 1394 1630 ex
1440 1570 1692 1631 theoria
1735 1570 1818 1631 de
1862 1571 2263 1630 necessitate
2316 1586 2462 1646 prae·

453 1645 1011 1710 determinationis
1055 1650 1338 1728 physicae
1381 1648 1568 1728 (412),
1605 1650 1920 1728 colligunt
1948 1651 2157 1709 Deum
2200 1664 2464 1723 praenos·

454 1745 602 1785 rere
650 1744 873 1789 omnes
915 1727 1209 1792 actiones
1249 1728 1492 1792 liberas
1555 1727 1806 1791 futuras
1867 1730 1933 1790 in
1997 1728 2287 1790 decretis
2343 1731 2465 1788 suis

450 1805 727 1878 aeterni&
771 1808 1043 1886 physice
1086 1809 1804 1885 praedeterminantibus
1865 1808 1950 1869 ad
2007 1808 2131 1869 has
2181 1807 2295 1869 vel
2341 1809 2466 1868 illas

450 1889 764 1949 arti-ines,
809 1891 907 1960 At,
957 1890 1165 1950 semel
1205 1894 1449 1968 negato
1492 1886 1926 1951 fundamento
1971 1888 2170 1967 hujus
2214 1892 2465 1949 senten-

450 1969 566 2033 tiit*¹
618 1968 742 2026 ruit
785 1966 1077 2029 doctrina
1123 1985 1327 2045 super
1368 1970 1476 2029 illo
1524 1974 1876 2041 exstructa,
1912 1966 2201 2045 ideoque
2251 1984 2333 2028 ex
2361 1984 2462 2027 an-

454 2049 558 2101 tea
602 2046 939 2123 explicatis
991 2049 1155 2128 (412,
1202 2046 1366 2127 413),
1404 2049 1541 2129 jam
1599 2052 1852 2111 constat
1911 2049 2117 2109 Deum
2186 2050 2467 2109 actiones

450 2125 690 2185 liberas
719 2142 1137 2205 cognoscere
1181 2130 1246 2190 in
1292 2131 1429 2189 suis
1475 2130 1759 2191 decretis
1802 2127 2076 2207 physice
2120 2127 2464 2204 praedeter-

450 2205 865 2269 minantibus,

526 2286 863 2364 ‘i¹l=eologi‚
917 2288 1029 2364 qui
1090 2288 1261 2348 hanc
1325 2289 1771 2367 cognitionem
1833 2290 1902 2349 in
1963 2288 2100 2348 Deo
2170 2290 2468 2363 tanquam

454 2381 642 2425 [ennea
705 2366 1327 2442 praedeterminante
1391 2384 1524 2429 non
1589 2367 1964 2440 admittunt,
2034 2370 2102 2425 in
2192 2366 2470 2427 diversas

450 2449 646 2505 etiam
690 2444 1141 2509 distrahuntur
1168 2449 1556 2517 sententias,
1593 2463 1756 2523 quas
1798 2446 2188 2525 singillatim
2226 2444 2466 2507 referre

458 2525 554 2581 laia*
602 2542 733 2585 nnn
776 2533 986 2589 vacat.

531 2605 934 2668 &amentiam
996 2623 1137 2682 quae
1195 2603 1416 2667 hodie·
1453 2606 1860 2666 communior
1932 2608 2060 2679 est,
2146 2603 2468 2665 tuebimur

450 2701 578 2757 sip-s*
624 2685 914 2748 methodi
979 2686 1457 2747 eliminationis,
1516 2684 1646 2748 Sed
1690 2689 1762 2746 ut
1806 2684 2036 2746 clarior
2095 2682 2206 2744 fiat
2253 2683 2458 2760 dispu-

454 2769 622 2829 taiini
668 2769 733 2825 in
777 2770 1201 2827 antecessum
1240 2764 1558 2826 non-nulla
1601 2768 1755 2825 sunt
1794 2764 2240 2842 praenotanda.

538 2845 590 2901 i··
662 2845 823 2905 Cum
892 2847 1197 2924 quaeritur
1266 2851 1482 2905 utrum
1554 2846 1732 2905 Deus
1819 2848 2178 2921 cognoscat
2256 2840 2459 2903 futura

454 2925 654 2981 lilim-a
697 2931 850 2987 ante
869 2925 1148 3001 velpost
1177 2924 1542 2998 decretum,
1588 2922 2007 2986 manifestum
2053 2926 2148 2984 est
2194 2924 2458 2999 particu-

454 3001 546 3061 las
622 3010 763 3065 astte
834 3013 897 3067 et
954 3010 1099 3081 post
1169 3021 1305 3065 non
1375 3003 1742 3083 significare
1801 3006 2310 3065 anterioritatem
2369 3001 2462 3062 vel

454 3085 999 3161 positu-iorItatem
1041 3085 1314 3158 realem,
1363 3084 1484 3145 sed
1527 3084 1795 3145 rationis
1841 3087 2092 3143 tantum
2157 3099 2304 3143 cum
2365 3099 2456 3141 re-

450 3165 691 3222 latione
726 3163 1208 3241 dependentiae‚
1256 3164 1363 3225 vel
1423 3180 1580 3238 non,
1633 3180 1671 3223 a
1715 3163 1982 3223 decreto
2034 3182 2048 3222 :
2095 3164 2228 3225 istae
2291 3164 2463 3223 ratio-

454 3261 570 3301 nes
634 3244 1090 3306 anterioritatis
1154 3245 1262 3305 vel
1341 3243 1833 3320 posterioritatis
1910 3242 2096 3304 solito
2177 3240 2465 3302 dicuntur

450 3329 634 3397 signiri
682 3326 785 3385 vel
827 3325 1135 3394 instantia
1162 3324 1458 3384 rationis,

530 3405 590 3461 20
634 3405 756 3465 Per
798 3404 1138 3465 decretum
1187 3403 1478 3465 divinum
1525 3402 1913 3480 intelligitur
1953 3401 2063 3461 illa
2095 3399 2213 3460 Dei
2260 3399 2464 3462 volitio

454 3501 582 3561 qua
650 3485 944 3546 decernit
1002 3480 1290 3544 futuram
1351 3498 1575 3545 rerum
1649 3482 2063 3542 existentiam
2109 3499 2123 3538 :
2176 3486 2276 3540 est
2318 3495 2465 3558 ergo

458 3565 751 3625 minutas
795 3561 1113 3624 effectrix.
