2642 4209
238 252 299 315 200
539 270 718 317 anxvxxnmx
745 269 946 315 enitescamus
1053 248 1055 253 ’

369 414 398 476 §-
413 412 433 464 l.
450 412 491 463 lie
505 410 681 480 quibusdam
696 410 859 482 imparibus
876 410 1117 483 probationibus.

238 538 308 601 317.
324 568 363 579 -
375 535 495 595 Tarsis.
511 536 574 595 Dei
592 534 761 596 existentia
774 535 992 597 demonstrari
1004 536 1116 611 nequit
1129 552 1150 596 c
1158 539 1242 612 prio·

375 615 420 688 ri,
434 630 537 690 neque
551 615 650 675 etiam
676 615 855 691 apodictico
869 630 891 675 a
904 616 1115 678 simultaneo.

277 749 361 811 Noto
375 747 398 807 l.
413 747 520 807 Prima
541 763 617 825 pars
630 764 690 825 pro
707 749 905 811 inconcussa
920 752 955 811 et
969 748 1142 827 explorata
1156 766 1239 827 pror·

239 844 297 891 sus
310 827 426 888 haberi
442 826 554 888 debet.

279 909 362 970 Noto
384 908 421 967 ll.
446 908 478 968 S.
501 908 677 969 Anselmus
701 906 754 988 (l),
778 923 879 986 quem
902 911 1019 987 postea
1046 908 1151 969 secuti
1173 915 1241 970 sunt
1286 938 1287 965 i

239 986 420 1053 Cartesiani
434 990 468 1047 et
483 986 648 1065 Ontologi,
674 1004 715 1049 ex
737 992 901 1065 conceptu
915 991 998 1050 entis
1022 987 1240 1065 perfectissimi

241 1067 448 1130 existentiam
461 1068 520 1129 Dei
536 1067 582 1127 sic
598 1066 756 1129 derivavit
773 1087 779 1127 :
800 1070 857 1129 Est
870 1069 901 1129 in
920 1084 974 1129 me
988 1066 1065 1129 idea
1080 1068 1164 1128 entis
1176 1084 1239 1146 per·

238 1146 422 1220 fectissimi;
446 1147 537 1223 atqui
552 1163 611 1208 ens
625 1147 902 1224 perfectissimum
914 1162 982 1208 non
994 1152 1108 1226 potest
1122 1150 1238 1227 concipi

238 1243 307 1289 non
323 1226 479 1288 existens.
495 1230 579 1306 Ergo
596 1229 717 1289 existit.
1287 1250 1288 1265 .

278 1307 356 1367 Aliis
368 1307 503 1368 verbis:
527 1309 561 1368 in
576 1312 741 1385 conceptu
762 1310 847 1369 entis
861 1305 1090 1386 perfectissimi
1110 1306 1238 1369 includi·

240 1392 303 1461 tur,
319 1392 357 1449 ut
370 1391 449 1447 nota
471 1389 666 1459 essentialis
681 1389 753 1466 ipsa
773 1389 952 1450 existentia
971 1388 1075 1450 notio.
1091 1389 1174 1467 Ergo
1188 1404 1239 1449 ens

238 1466 319 1528 illud
344 1467 460 1529 existit.
487 1470 534 1529 En
559 1467 665 1530 forma
689 1468 867 1544 simplicior
890 1468 1077 1547 argumenti
1100 1484 1120 1529 a
1143 1468 1239 1529 simul-

239 1551 349 1620 tane0‚
367 1548 419 1608 cui
432 1548 498 1607 vim
512 1547 659 1626 denegat
678 1549 710 1609 S.
734 1550 875 1609 Thomas
893 1547 935 1628 (2)
954 1564 1022 1609 una
1044 1564 1120 1609 cum
1140 1547 1239 1624 pleris-
1288 1550 1289 1591 l

239 1644 305 1705 que
320 1628 494 1705 theologis.
508 1628 710 1690 Sententiam
725 1628 756 1687 S.
772 1628 928 1700 Anselmi,
942 1632 999 1706 qui
1008 1632 1045 1688 ut
1055 1627 1238 1707 legitimum,

239 1708 335 1769 affert
354 1711 586 1786 argumentum
607 1726 627 1769 a
649 1708 859 1782 simultane0‚
885 1708 993 1769 minus
1014 1706 1143 1769 firmam
1161 1706 1239 1767 duci-

237 1804 325 1862 mus,
338 1788 365 1847 si
380 1793 491 1848 tamen
506 1788 537 1847 S.
555 1790 673 1848 Docior
687 1786 775 1848 aliud
785 1786 964 1849 intenderit
977 1804 1077 1866 quam
1093 1788 1238 1849 ostensio·

239 1882 318 1927 nem
341 1883 448 1928 nexus
471 1867 568 1946 logici
592 1884 658 1946 quo
683 1870 838 1929 veritates
858 1868 899 1929 de
920 1870 990 1929 Deo
1020 1866 1237 1945 attributisque

237 1946 358 2008 ‚divinis
373 1962 447 2008 sese
461 1954 575 2008 mutuo
591 1948 770 2025 excipiunt.

280 2028 444 2087 Probatur
466 2026 577 2103 quoad
601 2035 828 2103 deprimentem
852 2044 873 2087 a
889 2028 1011 2103 priori.
1036 2028 1065 2089 1⁰
1088 2028 1238 2088 Demons-

240 2106 334 2167 tratio
350 2120 370 2164 a
390 2107 489 2183 priori
505 2106 646 2169 exordiri
663 2107 764 2169 debet
779 2125 797 2168 a
812 2107 974 2185 prioribus
989 2108 1024 2168 in
1045 2106 1162 2169 ordine
1186 2122 1236 2167 on·

241 2186 381 2264 tologico
397 2185 490 2263 (133),
509 2205 580 2265 quae
601 2188 667 2247 sint
681 2203 778 2249 causa
792 2188 834 2247 ob
851 2204 950 2265 quam
972 2188 1172 2247 rationalem
1185 2191 1236 2247 est.

238 2268 336 2342 Atqui
359 2267 530 2328 existentia
544 2268 604 2328 Dei
618 2268 743 2328 nullam
763 2267 864 2327 habet
886 2283 1029 2328 causam.
1045 2268 1142 2345 Ergo.
1290 2270 1291 2295 ³

277 2348 436 2408 Praeterea
450 2349 497 2419 2⁰;
515 2347 749 2409 demonstratio
766 2365 784 2408 a
798 2347 898 2424 priori
921 2348 1034 2408 nititur
1048 2346 1158 2423 aliqua
1170 2362 1238 2423 pro-

237 2425 401 2503 positione
416 2427 573 2501 objerte'oo
586 2428 681 2488 nobis
696 2443 756 2505 per
770 2444 806 2488 se
830 2431 920 2497 nota,
947 2434 1018 2504 quae
1040 2426 1107 2487 vim
1129 2426 1239 2487 habeat

237 2503 470 2568 manifestandi
485 2509 643 2577 unionem
655 2506 799 2568 attributi
815 2512 847 2567 et
862 2506 1003 2585 subjecti
1019 2505 1236 2583 conclusionis

236 2584 428 2667 (propositio
444 2586 608 2665 objectiva
630 2593 680 2647 est
695 2589 766 2663 ipsa
780 2588 878 2649 realis
894 2588 1108 2648 terminorum
1130 2584 1202 2647 unio
1222 2600 1237 2644 a

237 2672 331 2743 parte
358 2669 418 2735 rei,
441 2666 595 2727 nimirum
619 2667 699 2727 unio
721 2666 817 2727 realis
842 2665 1007 2744 pradicati
1029 2672 1063 2727 et
1084 2662 1236 2745 subjecti).

236 2747 335 2824 Atqui
347 2746 471 2806 nullam
486 2748 584 2807 talem
605 2746 767 2807 habemus
781 2745 1053 2823 propositionem,
1078 2762 1148 2822 que
1162 2745 1235 2806 noti-

236 2823 312 2887 ficet
341 2824 548 2888 identitatem
578 2827 806 2887 existentiaet
829 2828 977 2889 essentiae
1004 2826 1038 2885 in
1052 2824 1136 2900 Deo,
1153 2828 1186 2885 et
1203 2826 1238 2885 sit

237 2905 332 2967 nobis
346 2921 406 2981 per
427 2921 464 2966 se
479 2910 568 2967 nota.
591 2908 676 2984 Ergo
700 2906 790 2967 nulla
812 2904 927 2968 confici
950 2909 1060 2984 potest
1075 2920 1237 2984 argumen-

238 2987 314 3046 tatio
337 3000 355 3044 a
379 2985 481 3061 priori
504 2984 589 3058 circa
610 2986 670 3047 Dei
693 2987 911 3049 existentiam.

273 3064 437 3125 Probatur
464 3065 575 3142 quoad
603 3072 832 3142 arpumentunt
861 3083 882 3125 a
908 3065 1114 3127 simultcneo.
1145 3065 1237 3141 Argu-

234 3148 382 3204 mentum
413 3160 431 3204 a
453 3146 660 3219 simultane0‚
687 3145 778 3223 quod
806 3145 978 3206 exordium
1000 3143 1098 3206 ducit·
1111 3144 1152 3205 ab
1171 3142 1238 3205 idea

234 3226 320 3285 entis
350 3221 590 3300 perfectissimi,
625 3228 659 3286 in
695 3227 765 3286 sola
789 3226 916 3305 analysi
938 3224 1039 3304 huJus
1064 3222 1148 3285 ideae
1168 3237 1238 3301 pro·

233 3302 304 3380 prie
330 3303 489 3376 consistit,
510 3321 607 3366 secus
621 3305 746 3382 aliquid
762 3324 780 3368 a
794 3306 893 3381 priori
913 3308 1120 3384 supponeret
1133 3307 1238 3379 prater

232 3398 360 3443 meram
391 3384 474 3443 entis
502 3401 630 3445 summe
659 3384 799 3461 perfecti
828 3384 950 3447 ideam.
975 3384 1075 3463 Atqui
1103 3382 1237 3462 analysis

233 3460 372 3539 alicujus
392 3461 491 3535 ideae,
505 3469 543 3524 ut
557 3465 614 3537 sio,
630 3481 693 3526 seu
706 3463 787 3527 ideae
801 3463 956 3538 formalis,
971 3469 1153 3543 utcumque
1172 3477 1237 3541 pro·

264 3580 299 3644 (1)
312 3581 432 3639 Monol.;
446 3585 535 3631 contra
552 3583 674 3647 Gaureil„
687 3588 714 3635 et
727 3584 849 3648 Pro-slep.
863 3584 893 3635 G.
905 3580 924 3635 2
938 3586 964 3634 et
980 3584 1005 3633 3.

265 3670 298 3732 (2)
310 3670 340 3721 S.
352 3669 451 3727 Theoi„
463 3667 476 3716 1
491 3684 528 3733 p.,
542 3685 567 3734 q.
581 3670 616 3732 2.,
630 3686 656 3723 a.
675 3672 697 3731 1,
716 3673 790 3723 Cant.
804 3672 891 3735 Genu,
904 3671 923 3721 l.
940 3674 963 3733 1,
978 3688 1001 3722 c.
1016 3686 1053 3723 xx.
