2642 4209
16 3703 59 3729 mr
72 3717 82 3727 r.

195 236 251 296 186
501 254 680 300 unuvnuuuu
702 256 907 300 rriruosoruun

232 368 388 428 Praeterea
422 370 781 448 semi-ontologismus,
815 369 893 431 dum
928 367 1067 430 affirmat
1103 372 1218 432 ideam

193 449 283 516 entis,
308 463 378 524 quae
400 453 451 508 est
472 451 506 509 in
527 449 635 522 nobis,
652 455 687 510 et
708 450 877 512 constituit
897 451 1012 511 lumen
1034 449 1217 510 essentiale

191 527 379 588 intellectus
400 530 516 601 nostri,
540 528 623 590 esse·
636 530 749 590 lumen
773 530 917 590 divinum
939 532 1000 606 ipsi
1024 530 1092 590 Deo
1113 529 1217 589 iden-

194 608 306 674 tlcum,
332 609 550 686 propinquius
581 609 752 671 evidenter
777 612 887 688 pergit
917 609 959 670 ad
982 607 1217 670 affirmandam

193 686 397 750 identitatem
419 688 561 750 hominis
583 706 657 750 cum
682 691 750 750 Deo
774 708 782 750 :
806 707 882 750 cum
902 690 970 749 haec
992 689 1066 749 idea
1088 691 1129 750 sit
1158 689 1217 749 ali·
1302 702 1304 719 ¹

194 767 273 846 quid
289 769 392 828 nostri
407 771 440 828 et
461 767 584 844 aliquid
606 770 676 842 Dei,
696 770 767 847 jam
790 768 949 830 efficimur
969 770 1147 845 participes
1163 785 1217 829 es-

194 851 309 908 sentiae
334 846 459 908 divina.
482 849 579 928 Ergo.

235 928 274 987 ll³
294 930 388 988 Pars.
418 928 474 987 Est
500 930 625 990 rationi
639 944 835 1004 repopoaos.
864 928 1217 1005 Semi-ontologismus

197 1005 342 1068 declarat
356 1007 465 1084 ipsum
479 1007 593 1068 lumen
608 1007 754 1069 divinum
771 1024 846 1068 esse
862 1009 1005 1069 innubis
1023 1009 1215 1068 intellectu·
1303 1050 1305 1071 ι

195 1087 290 1164 aliter
305 1087 599 1162 cognoscentibus3
617 1104 719 1165 quare
735 1087 854 1148 dicitur
869 1090 901 1146 ln
915 1088 1041 1148 Psalmo
1064 1107 1071 1148 :
1090 1091 1215 1162 Stpnc-
1303 1112 1305 1115 ·

196 1173 265 1226 tum
286 1172 330 1226 est
351 1183 448 1242 super
467 1183 525 1228 nos
546 1167 655 1228 tumen
675 1169 783 1228 voltus
804 1169 866 1234 tut:
888 1185 953 1245 quo
974 1169 1008 1228 in
1037 1183 1117 1227 casu
1138 1169 1219 1228 idea

196 1247 276 1305 eutis
305 1252 518 1323 nuncupatur
538 1247 620 1309 illud
648 1247 762 1308 lumen
795 1247 955 1313 divinum;
990 1248 1079 1324 atqui
1112 1247 1217 1323 plane

194 1331 369 1404 repugnat,
387 1327 448 1387 lroc
464 1327 577 1388 lumen
602 1343 677 1388 esse
699 1330 805 1403 ipsam
829 1329 1006 1388 essentiam
1022 1327 1169 1388 divinam
1185 1331 1220 1386 et

184 1407 292 1466 'simul
306 1408 340 1467 in
362 1407 457 1467 nobis
480 1406 628 1468 medium
651 1407 860 1484 cognitionis
886 1407 921 1468 ld
943 1411 1031 1466 enim
1059 1423 1127 1466 non
1149 1406 1218 1467 levi

196 1483 389 1546 confusione
422 1486 562 1554 laborat:
589 1488 656 1548 haec
677 1486 752 1547 idea
780 1491 809 1548 l⁰
829 1492 879 1548 est
901 1488 998 1547 simul
1023 1488 1136 1546 lunen
1165 1485 1217 1546 di-

194 1566 305 1626 vinum
327 1564 494 1627 etlumiue
510 1567 643 1627 rationis
672 1567 838 1631 humanae.
856 1567 890 1626 2⁰
905 1577 953 1626 est
975 1568 1133 1626 terminus
1153 1566 1217 1626 ob-
1304 1586 1305 1597 ¹

192 1646 334 1726 jectivus
355 1653 387 1706 et
398 1647 593 1725 principium
607 1647 776 1724 quoddam
795 1647 1014 1722 subjectivum
1037 1645 1219 1721 cujuslibet

195 1727 404 1804 cognitionis,
440 1750 452 1778 ι
484 1727 519 1786 in
549 1728 615 1786 Deo
648 1725 720 1803 ipso
743 1730 776 1786 et
801 1742 861 1803 per
881 1727 987 1786 Deum
1022 1724 1214 1786 videmus»
1305 1748 1307 1818 ς

195 1805 227 1866 3ο
243 1813 293 1866 est
314 1803 437 1883 aliquid
467 1806 611 1866 divinum
633 1822 695 1866 seu
715 1806 787 1883 ipse
811 1808 911 1870 Deus.
936 1812 968 1866 et
991 1811 1112 1878 tamen,
1132 1805 1215 1884 jux-

195 1890 227 1944 ta
252 1885 463 1945 decentiores
484 1885 539 1965 (l),
563 1885 687 1962 aliquid
707 1885 802 1946 nobis
822 1886 1048 1953 intrinsecum,
1071 1901 1148 1946 cum
1162 1884 1217 1943 in·
1305 1880 1306 1887 ’

195 1962 285 2025 tuitio
302 1965 343 2024 sit
358 1967 506 2041 operatio
521 1968 719 2034 immanens,
746 1972 809 2026 etc.

234 2043 389 2104 Praeterea
403 2043 484 2106 ideae
495 2045 708 2122 particulares
719 2062 784 2107 non
797 2048 874 2105 sunt
887 2043 975 2106 aliud
986 2046 1048 2106 nisi
1059 2045 1126 2105 haec
1136 2041 1218 2104 idea

196 2124 280 2184 entis
303 2127 389 2185 varie
406 2124 639 2193 determinata:
658 2123 779 2186 exinde
793 2125 905 2184 lumen
922 2124 1067 2186 divinum
1082 2123 1137 2184 vel
1151 2139 1215 2199 pro

194 2203 285 2265 libito
302 2204 443 2278 hominis
467 2207 700 2285 cognoscentis
726 2205 939 2271 contrahitur,
966 2209 998 2264 et
1024 2210 1216 2264 tuncmens

194 2283 339 2344 humana
372 2286 478 2346 Deum
516 2284 763 2349 determinaret.
795 2287 849 2345 vel
877 2302 894 2344 a
920 2285 989 2344 Deo
1017 2285 1087 2360 ipso
1124 2283 1217 2343 varie

193 2363 442 2434 determinatur,
470 2367 526 2442 qui
547 2370 624 2425 tunc
640 2365 674 2424 in
697 2365 828 2425 homine
849 2379 966 2424 omnes
993 2363 1215 2440 cogitationes

194 2441 374 2504 efficienter
388 2444 587 2514 efformaret,
605 2445 704 2505 etiam
719 2441 820 2504 falsas
837 2449 868 2503 et
883 2459 1012 2518 pravas,
1029 2445 1114 2522 Ergo
1130 2441 1216 2502 illud

193 2527 343 2664 sysgema
363 2541 429 2584 non
445 2529 497 2586 est
512 2522 601 2586 aliud
617 2524 679 2584 nisi
693 2527 797 2586 series
812 2524 1063 2602 ambiguitatum
1091 2528 1124 2584 et
1138 2539 1217 2583 con·

195 2609 244 2664 tra
271 2605 440 2667 ictiouum.

225 2705 279 2755 298.
294 2731 324 2744 -
341 2705 401 2755 Scit.
418 2707 438 2756 1.
455 2704 599 2770 Disputatio
618 2703 660 2753 vix
675 2703 771 2754 institui
786 2709 870 2768 potest
882 2708 972 2753 contra
985 2703 1213 2767 semi-outologos,

166 2784 169 2788 ·
194 2766 237 2830 qui
249 2767 357 2816 arbitrio
372 2782 417 2815 suo
431 2782 534 2816 sensum
548 2781 637 2818 vocum
652 2773 678 2817 et
687 2767 820 2816 notionum
829 2767 974 2824 immutant,
983 2772 1060 2830 atque
1071 2766 1213 2816 nihilaflir·

194 2834 265 2878 mant
275 2829 342 2892 quod
358 2834 391 2877 sit
413 2829 545 2878 delinitum
559 2845 588 2880 ac
607 2828 818 2886 determinatum
831 2835 988 2892 quapropter
1001 2843 1113 2877 eorums
1144 2841 1212 2877 tema

193 2889 226 2940 ad
243 2890 380 2954 pugnantia
394 2892 469 2941 simul
483 2891 514 2940 de
527 2892 618 2941 eodem
632 2889 781 2939 allirmauda
798 2890 917 2940 facillime
934 2905 960 2937 se
976 2905 1089 2938 accomm
1124 2894 1158 2938 at.

224 2951 282 3003 299.
302 2979 331 2990 -·
347 2953 406 3002 Sch.
422 2955 453 3002 Ι.
469 2954 538 3002 luter
552 2952 746 3018 propositiones
760 2968 818 3015 quae
827 2953 902 3015 juxta
911 2952 1041 3000 decretum
1055 2953 1083 3001 S.
1102 2952 1213 3015 Congre-

193 3015 303 3078 gationis
316 3013 498 3076 Inquisitionis,
514 3019 569 3065 tuto
584 3013 652 3065 tradi
664 3019 793 3078 nequeunt
805 3017 950 3078 sequentem
965 3015 1103 3063 habemus:

225 3077 303 3140 Prop.
316 3078 339 3124 4.
348 3096 361 3120 a
375 3077 522 3141 Conpenito
532 3077 582 3125 Dei
592 3085 724 3138 tunquam
734 3077 804 3124 entis
818 3077 977 3137 simpliciter
990 3075 1098 3134 notitia,
1109 3089 1214 3124 omnem

193 3138 281 3187 aliam
297 3139 473 3200 capnitiouem
487 3139 617 3188 eminenti
631 3139 708 3186 modo
722 3137 846 3186 involvit.
862 3145 891 3186 ut
901 3152 951 3211 per
964 3152 1037 3196 cam,
1064 3151 1142 3184 onam
1154 3149 1214 3196 ens,

193 3199 242 3248 cub
260 3214 424 3262 quocumque
441 3215 564 3262 respectu
586 3200 759 3264 oopnoscibile
780 3208 819 3247 est
831 3199 960 3260 irnplccite
980 3197 1118 3262 copnitum
1131 3199 1214 3247 habe-

192 3275 262 3310 mus.
278 3279 292 3306 a

194 3378 263 3439 300.
281 3408 317 3421 -
333 3380 440 3439 Tussis
464 3379 515 3438 lv.
543 3381 705 3452 systema,
731 3379 819 3453 quod
843 3393 886 3436 ex
900 3377 1014 3435 innota
1034 3377 1111 3436 idea
1135 3377 1215 3436 ent-ts

233 3460 299 3518 stoc
318 3457 420 3518 realis
440 3459 505 3517 siue
519 3457 699 3532 possidetis,
726 3458 885 3531 ortptnem
908 3458 1058 3516 idearum
1085 3458 1212 3531 repetit,

193 3563 194 3566 ¹
235 3537 415 3597 innumeris
434 3542 532 3597 scatet
547 3536 860 3611 aequtoocationtdos.

228 3654 261 3717 (1)
270 3654 336 3720 cup.
353 3654 410 3715 212,
425 3656 493 3702 nota.
