2642 4209
242 241 303 304 216
548 254 733 303 ιιιιιιιιιιιιιιιι
752 254 955 301 emmsoemm

240 375 416 446 minantes,
447 378 623 452 quatenus,
652 377 690 434 ut
718 372 796 433 dicit
821 372 852 433 S.
876 372 1018 434 Thomas
1041 368 1096 451 (l),
1112 370 1246 433 indicant

243 454 324 533 quid
337 471 405 515 non
419 454 461 514 sit
484 455 583 516 Deus.
610 454 832 527 Quamobrem
857 456 1039 530 antequam
1062 450 1105 513 ad
1129 453 1246 531 singula

240 536 397 597 attributa
418 533 479 593 Dei
494 533 734 595 consideranda
752 533 978 605 deveniamus
993 545 1137 593 necesse
1158 539 1206 593 est
1217 539 1246 594 ut

243 614 285 677 de
312 616 403 676 hisce
416 611 675 691 perfectionibus
691 614 897 690 eloquamur,
915 628 986 689 quas
1001 613 1198 689 ceteroquin
1212 630 1245 673 ex
1287 686 1288 695 ἵ

240 695 401 757 hamanus
417 693 512 756 dictis
526 698 645 770 sponte
659 692 768 754 fluunt
780 698 818 755 ut
834 692 1013 754 corollaria.
1287 706 1288 715 ¹

240 818 312 881 347.
328 851 368 861 -
380 819 489 878 Τιιιειε
504 818 541 878 V.
557 820 643 879 Deus
655 819 769 879 animes
782 823 838 879 est.

279 946 371 1006 Noto.
387 943 458 1003 Haec
474 941 575 1002 thesis
590 942 761 1018 multiplici
775 944 913 1013 ratione,
931 942 998 1002 sive
1014 957 1033 1002 a
1052 940 1164 1018 priori,
1184 944 1241 1003 sive

239 1039 259 1084 a
273 1022 446 1099 posteriori
461 1022 609 1083 convinci
623 1025 744 1098 potest.
762 1020 943 1099 Praecipuus
957 1023 1103 1083 rationes
1118 1038 1138 1081 a
1152 1020 1241 1082 Patri·

238 1102 302 1164 bus
318 1106 429 1163 contra
445 1101 590 1164 Gentiles
606 1106 640 1163 et
655 1101 827 1164 Gnosticos
841 1101 977 1163 usitatas
993 1102 1167 1179 eligemus.

277 1183 373 1243 Proh.
392 1184 414 1243 l.
430 1182 518 1242 Deus
534 1185 585 1243 est
598 1180 703 1258 prima
717 1197 822 1242 causa.
837 1184 872 1243 et
890 1196 1065 1257 supremus
1088 1182 1242 1259 guberna·

238 1264 290 1322 tor
308 1278 435 1336 rerum3
456 1264 547 1338 atqui
568 1265 597 1323 1⁰
619 1266 670 1323 est
688 1261 769 1326 ordo
787 1262 981 1324 universalis
999 1264 1034 1323 in
1052 1260 1166 1336 rebus,
1190 1276 1241 1324 seu
1289 1276 1290 1299 ι

225 1342 385 1420 quaedam
399 1341 545 1402 reductio
562 1342 708 1404 omnium
723 1340 766 1402 ad
780 1344 942 1404 unitatem
957 1338 1056 1420 (330):
1075 1356 1155 1419 ergo
1176 1357 1241 1401 cum

234 1421 457 1500 multiplicitas
483 1437 546 1499 per
573 1437 609 1481 se
638 1438 707 1482 non
734 1422 850 1501 gignat
872 1422 1046 1491 unitatem,
1081 1420 1134 1481 hic
1169 1422 1240 1483 ordo

235 1503 343 1581 arguit
363 1499 532 1562 efficientis
555 1505 589 1561 et
607 1502 823 1579 gubernantis
844 1503 1015 1563 unitatem.
1036 1502 1069 1562 2⁰
1084 1502 1117 1561 Si
1136 1500 1239 1577 plures

236 1586 348 1642 essent
362 1596 521 1659 supreme
537 1598 640 1642 cause
655 1598 717 1642 seu
730 1583 791 1653 Dii,
809 1585 866 1642 aut
879 1583 992 1660 plures
1005 1596 1121 1642 eorum
1136 1585 1240 1641 essent
1290 1598 1291 1633 ι

234 1663 368 1723 inutiles
396 1665 453 1723 aut
478 1661 588 1722 nullus
617 1665 707 1723 esset
734 1660 860 1723 infinita
892 1662 1041 1739 potentia
1073 1660 1238 1737 preditum

233 1756 333 1817 porro
348 1746 526 1818 utrumque
540 1746 707 1820 repugnat
722 1760 730 1802 :
748 1757 807 1802 ens
823 1741 1049 1804 necessarium
1061 1741 1178 1801 inutile
1197 1740 1240 1801 est

234 1820 406 1882 manifesta
432 1820 633 1892 absurditas;
674 1823 763 1882 Deus
791 1822 946 1883 limitatus
975 1824 1009 1882 et
1031 1818 1237 1897 imperfectus
1291 1898 1292 1901 Ἴ

234 1917 301 1961 ιιοιι
325 1906 376 1961 est
390 1903 490 1968 Deus,
506 1918 567 1961 seu
582 1917 738 1977 suprema
753 1917 862 1974 causa,
879 1917 970 1963 ensa
992 1916 1041 1972 se,
1057 1900 1236 1977 improduc-
1291 1902 1292 1929 ³

234 1984 315 2052 tum,
337 1981 398 2041 sibi
421 1978 598 2054 sufficiens,
624 1989 688 2041 etc.
715 1981 810 2059 Ergo.
835 1983 1005 2052 Praeterea,
1032 1982 1064 2043 3⁰
1088 1984 1115 2042 si
1134 1981 1237 2057 plures

234 2065 346 2120 essent
364 2061 424 2130 Dii,
448 2061 501 2120 vel
520 2063 553 2121 in
568 2060 682 2122 ordine
702 2077 812 2121 rerum
829 2060 1003 2123 condendo
1019 2062 1236 2127 convenirent,

232 2140 285 2199 vel
300 2156 366 2201 non
383 2157 390 2199 :
421 2141 447 2199 si
462 2141 615 2216 primum,
632 2139 820 2217 penderent
841 2157 957 2203 omnes
972 2140 1011 2200 ab
1034 2140 1186 2214 invicem,
1210 2145 1238 2201 et

232 2220 351 2281 exinde
377 2220 486 2280 nullus
512 2226 601 2280 esset
622 2220 866 2298 independens,
884 2220 975 2299 quod
989 2225 1116 2300 pugnat
1132 2224 1237 2282 contra
1292 2258 1293 2261 =

230 2302 392 2361 rationem
408 2304 492 2361 entis
507 2299 704 2374 necessarii;
722 2302 749 2361 si
764 2316 830 2362 non
850 2302 1075 2375 convenirent,
1092 2302 1234 2375 impossi-

231 2380 305 2441 bilis
322 2383 412 2440 esset
425 2380 478 2440 hio
492 2380 584 2443 ordo.

271 2460 306 2520 ll.
336 2460 426 2519 Deus
455 2463 505 2519 est
531 2458 657 2520 infinite
686 2458 863 2535 perlectus,
890 2476 929 2519 ac
955 2457 1095 2535 proinde
1120 2456 1155 2517 id
1177 2474 1234 2537 quo

111 2570 114 2575 ·
229 2540 337 2617 majus
353 2540 532 2616 excogitari
546 2540 677 2617 nequit;
694 2541 785 2617 atqui
800 2541 826 2599 si
846 2538 956 2616 plures
976 2542 1089 2599 essent
1106 2538 1167 2609 Dii,
1187 2538 1236 2599 ali-

230 2619 311 2697 quid
335 2619 542 2695 prestantius
565 2617 644 2696 ipsis
670 2621 910 2695 conciperetur,
935 2634 1058 2695 nempe
1082 2616 1162 2680 illud
1190 2620 1234 2679 cui

228 2714 289 2773 par
313 2704 346 2759 et
367 2698 472 2760 simile
496 2712 563 2759 non
589 2701 678 2759 esset
704 2718 711 2759 ε
738 2698 819 2759 illud
838 2699 925 2760 enlm
944 2697 1035 2777 quod
1056 2698 1179 2774 equale
1207 2703 1235 2758 et

229 2777 334 2839 simile
348 2778 449 2839 hahet
462 2794 528 2838 non
545 2783 594 2838 est
608 2777 733 2839 infinite
748 2776 940 2855 perfectum,
958 2776 1019 2838 sed
1041 2776 1123 2839 illud
1143 2780 1234 2839 unice

229 2873 294 2933 quo
309 2859 417 2937 majus
432 2860 613 2937 excogitari
626 2874 693 2919 non
713 2861 833 2935 potest.
859 2860 943 2937 Ergo
969 2873 1110 2919 necesse
1132 2861 1182 2919 est
1203 2862 1235 2919 ιιι

228 2938 317 2997 Deus
332 2941 374 2999 sit
387 2938 513 2998 unicus

268 3018 299 3077 Si
321 3021 433 3077 essent
448 3016 514 3076 duo
533 3014 669 3088 infinita,
691 3016 825 3077 daretur
841 3014 966 3079 infinite
986 3015 1170 3094 perfectum
1188 3019 1234 3077 cui

228 3098 339 3156 tamen
369 3096 503 3157 deesset
529 3096 654 3157 infinita
677 3095 850 3173 perfectio,
880 3114 950 3173 quae
981 3100 1032 3157 est
1058 3097 1091 3157 in
1117 3098 1231 3165 altero:

225 3176 339 3251 itaque
356 3183 444 3237 esset
458 3176 628 3254 plenitudo
646 3177 730 3237 entis
745 3179 776 3237 in
794 3194 833 3238 eo
850 3177 905 3256 qui
928 3176 1135 3252 plenitudine
1158 3179 1235 3237 entis

226 3260 327 3328 caret,
344 3261 378 3316 et
393 3255 513 3317 exinde
529 3256 571 3317 de
586 3261 728 3333 utroque
745 3259 812 3319 tota
836 3255 1048 3333 perfectionis
1071 3254 1234 3334 plenitudo

225 3333 322 3396 simul
337 3334 554 3397 affirmaretur
569 3340 602 3396 et
616 3343 806 3414 negaretur.

265 3415 315 3477 lll.
333 3416 365 3477 Si
380 3417 493 3493 plures
509 3420 622 3477 essent
635 3417 696 3487 Dii,
719 3418 862 3477 essentia
887 3413 995 3477 divina
1016 3414 1112 3477 fieret
1132 3415 1233 3476 multi·

223 3491 396 3569 plicabilis,
417 3493 570 3571 adeoque
590 3497 800 3569 universalis;
821 3496 1030 3574 singularitas
1055 3494 1152 3568 enim,
1172 3508 1232 3575 qua

35 3584 116 3673 ffi
255 3644 289 3706 (1)
302 3646 314 3694 1
326 3660 363 3709 p.‚
377 3661 403 3709 q.
418 3644 443 3696 3.
