2642 4209
130 236 132 244 ’
233 243 291 307 182
536 263 719 307 3333333333
739 262 944 308 pannosorum*

232 373 393 447 dicemus,
409 383 458 438 est
474 393 532 437 ens
557 378 748 453 simpliciter
771 378 806 436 in
831 375 946 437 ordine
975 375 1070 447 reati3
1095 393 1149 435 ens
1173 393 1249 436 cero

229 459 264 518 in
282 473 429 518 comment
432 459 563 532 ipotest
586 457 649 517 dici
671 457 953 533 licetimproprie‚
971 472 1032 516 ens
1046 457 1248 530 simpliciter,

230 537 291 598 sed
326 537 629 597 abstractissimum
662 539 734 597 1333
756 553 835 598 vero
864 537 907 596 ad
941 553 1000 597 ens
1028 533 1156 595 finitum
1190 552 1251 595 seu

231 617 428 678 determinat
418 622 525 677 133333
525 617 748 693 incipiendum
773 617 834 677 sub
863 617 990 678 ratione
1010 614 1139 674 formali
1152 616 1248 692 finite,

230 697 407 774 requiritur
427 697 548 772 praevia
571 697 727 773 quaedam
747 697 891 775 cognitio
912 700 997 757 entis
1008 695 1147 773 ahquus
1168 693 1248 756 illud

232 777 474 842 circumdantis
499 781 532 836 et
546 783 713 852 postremo
729 776 772 836 ad
788 783 984 868 conceptum
996 775 1249 836 determinatum

232 855 315 918 finiti
326 854 494 916 sufficeret
510 865 692 932 conceptus
715 857 801 917 entis
829 858 861 917 in
885 856 1071 916 communi:
1095 855 1156 914 sed
1182 871 1249 914 non

233 937 412 1014 requiritur
426 937 549 1012 praevia
564 937 708 1013 cognitio
724 939 786 998 Dei
804 939 914 1010 133133,
932 936 1026 1013 cujus
1042 950 1102 995 ens
1123 933 1249 994 finitum

233 1019 324 1078 esset
358 1015 513 1108 quaedam
550 1015 793 1076 determinatio
832 1015 866 1076 ld
896 1017 1015 1075 melius
1047 1015 1173 1090 patebit
1208 1031 1249 1074 ex

231 1095 380 1157 dicendis
416 1097 450 1156 in
490 1095 657 1173 theologia
697 1095 847 1166 naturali,
885 1101 918 1155 et
948 1095 1016 1172 jam
1046 1093 1249 1154 sufficienter

231 1181 357 1238 constat
388 1191 429 1236 ex
455 1191 556 1252 supra
585 1175 681 1235 dictis
711 1177 745 1234 in
772 1177 999 1254 metaphysica
1023 1174 1175 1253 generah
1204 1173 1245 1235 de

230 1259 308 1317 ente
323 1253 412 1315 finito
430 1259 463 1315 et
476 1253 610 1315 infinito.

269 1337 302 1396 2
322 1337 427 1394 113133
446 1335 645 1396 Universaha
669 1337 827 1410 cognosci
848 1340 1021 1411 nequeunt
1041 1334 1102 1394 nisi
1123 1335 1157 1394 in
1179 1325 1248 1409 ipso

229 1416 331 1476 Deo:
354 1415 540 1474 universale
570 1415 658 1474 enim
686 1413 810 1492 aliquid
836 1414 1051 1480 immutabile
1075 1419 1247 1484 eternum,

230 1498 265 1556 et
294 1493 541 1572 quodammodo
572 1493 677 1554 inimi
666 1500 734 1553 um
766 1493 916 1566 exhibet3
954 1493 1044 1570 atqui
1078 1494 1112 1552 in
1146 1495 1247 1552 rebus

230 1578 348 1636 creatis
370 1575 448 1634 nihil
470 1577 634 1649 reperitur
652 1574 925 1642 immutabile,t
886 1593 910 1635 ae
914 1581 1054 1636 t.ernum
1073 1571 1245 1633 infinitum

228 1656 312 1733 Ergo
336 1657 397 1716 nisi
420 1653 552 1714 Deum
545 1669 655 1730 ipsum
677 1655 892 1714 intueremur
910 1668 1026 1714 omnes
1041 1655 1247 1731 cognitiones

227 1740 346 1798 nostrae
380 1734 596 1804 universales
632 1740 748 1810 utpote
784 1733 916 1812 objecto
960 1736 1123 1805 carentes,
1158 1731 1247 1793 13133

228 1817 351 1876 essent.

269 1893 361 1966 Cous.
386 1892 543 1969 Superius
565 1893 652 1953 dicta
681 1893 723 1952 de
751 1898 868 1952 natura
890 1891 1124 1953 universalitas
1103 1897 1155 1964 t,1s
1174 1891 1245 1967 jam

228 1971 453 2034 difficultatem
475 1975 683 2050 expungunt,
702 1987 776 2049 quaa
799 1975 996 2051 ceteroquin
1018 1969 1244 2032 confusionem

226 2053 305 2130 imp
297 2056 382 2112 ›rta
411 2053 605 2114 universalis
636 2050 781 2118 formalis
813 2067 888 2112 cum
917 2041 1092 2112 universali
1122 2048 1244 2110 funda-

225 2131 360 2194 mentali
382 2131 431 2211 (lt,
455 2133 537 2207 250).
555 2132 816 2192 Universalitas
808 2149 842 2191 33
864 2133 1132 2209 ontologorumt
1120 2132 1246 2191 theoria

224 2211 367 2273 habetur
387 2218 424 2272 ut
446 2215 592 2272 clement
593 2228 650 2271 um
672 2213 877 2287 objectionem,
905 2211 995 2288 quod
1028 2208 1245 2271 affirmaretur

225 2290 269 2353 de
291 2291 439 2370 quahbet
458 2291 533 2353 idea
555 2291 764 2369 intelligibili,
790 2295 823 2350 et
844 2289 921 2350 ideo
945 2298 1033 2353 esset
1053 2291 1154 2351 veluti
1182 2307 1245 2350 no-

226 2375 270 2432 113
294 2387 368 2450 quae
395 2371 429 2432 in
456 2373 734 2446 comprehensione
764 2372 904 2449 hujusce
935 2371 1016 2432 ideae
1048 2371 1243 2432 universalis

224 2453 457 2515 involveretur.
482 2454 522 2511 ht
543 2451 633 2524 ideae,
659 2469 688 2511 v.
713 2469 761 2530 g,
788 2450 937 2520 hominis,
961 2452 1099 2520 arboris,
1122 2452 1243 2512 331333-

224 2531 276 2602 113,
294 2537 371 2597 etc.
390 2532 469 2593 31333
484 2531 609 2610 analysi
625 2531 857 2609 subjiciuntur,
873 2531 1154 2591 universalitatem
1175 2543 1243 2589 non

224 2612 438 2673 1331331331’
430 2628 463 2671 m
495 2627 553 2672 sua
585 2612 806 2686 commetiens
806 2627 874 2670 one
899 2611 1131 2672 Universalitas
1154 2612 1243 2669 enim

224 2688 370 2764 formalis
391 2693 524 2767 respicit
545 2690 752 2751 solummodo
775 2691 1002 2751 extensionem.
1021 2689 1243 2764 Quamobrem

224 2770 308 2832 ideae
328 2769 532 2832 universales
555 2785 620 2830 non
644 2781 719 2830 sunt
740 2757 845 2840 ialsae,
867 2768 943 2829 13133
969 2771 1046 2848 3313
1074 2767 1238 2846 3313131113-

148 2891 155 2902 .
225 2854 294 2912 tem
315 2853 362 2912 331
385 2857 546 2910 concretae
569 2851 669 2911 modo
691 2850 790 2911 ideali
822 2853 856 2910 et
886 2850 1051 2911 abstracto
1074 2847 1237 2919 referunt;

224 2928 387 3007 quidquid
409 2931 496 2990 33133
519 2930 622 2989 estin
646 2930 726 2990 ideae
749 2929 1059 3005 comprehensione,
1075 2945 1193 2990 revera
1208 2929 1241 2987 in

224 3009 326 3070 rebus
347 3010 427 3084 ipsis
449 3010 622 3086 reperitur.

266 3091 297 3150 3⁰
317 3091 423 3150 liclia.
449 3089 635 3149 intellectus
656 3088 820 3148 humanus
847 3104 867 3148 a
892 3087 1041 3163 potentia
1067 3086 1242 3148 adactum

223 3169 360 3230 transire
383 3171 508 3246 nequit,
526 3169 588 3230 nisi
610 3183 670 3243 per
691 3167 814 3244 aliquid
836 3165 989 3245 ejusdem
1011 3165 1243 3244 ordinisquod

222 3249 264 3308 sit
285 3252 319 3310 in
340 3252 393 3308 331
394 3265 431 3319 3;
456 3249 547 3326 31331
569 3249 694 3308 nullum
716 3247 921 3324 intelligibile
943 3248 977 3306 in
999 3251 1075 3307 actu
1102 3247 1244 3307 habetur

221 3328 256 3388 in
277 3328 394 3390 ordine
417 3341 537 3388 creato
562 3329 646 3405 Ergo
670 3343 688 3386 a
711 3328 779 3388 solo
805 3329 872 3388 Deo
895 3328 1020 3387 moveri
1041 3331 1152 3403 potest
1178 3344 1239 3404 po-

222 3410 325 3470 133113
347 3412 424 3467 3331
413 3407 526 3467 tadra
550 3405 834 3498 cognoscendum.

261 3489 354 3579 Resp
377 3486 480 3564 Major
509 3486 608 3564 hujus
640 3486 826 3562 argumenti
846 3472 1030 3545 realitatem
1052 3486 1242 3547 intellectus

222 3567 351 3656 agentis
381 3565 452 3642 jam
487 3563 529 3623 de
564 3565 725 3625 1331331313
757 3565 1016 3656 praeterlabitur3
1050 3565 1242 3628 intellectus

221 3644 311 3704 enim
333 3657 440 3721 agens
455 3646 513 3702 331
535 3644 686 3718 potentia
707 3645 876 3722 semperin
899 3649 987 3717 actu,
1004 3660 1079 3723 quae
1097 3646 1240 3722 proinde
