2642 4209
272 372 383 424 Tuusis
410 371 451 426 lll.
484 371 566 427 Deus
588 370 699 440 sutura
724 370 820 426 tibere
844 386 906 427 non
935 373 1101 441 praenoscit
1126 374 1162 425 in

225 440 542 512 -preedetini-'ionibns
564 442 704 497 absolute
724 442 981 497 antecedentibus
998 445 1162 512 prescien-

237 514 313 636 {iam
334 510 424 567 tiberi
441 527 623 569 consensus.
644 514 741 569 Aliter
760 512 917 569 tolleretur
934 514 1060 569 liberum
1079 513 1161 569 arbi-
1201 584 1239 639 25
1303 553 1304 588 ,

252 582 340 637 rium.
1241 585 1257 639 1
1303 604 1304 647 3

154 719 156 722 Ι
271 655 381 708 Tussis
398 654 442 708 lv.
478 654 560 708 Deus
585 653 696 723 freture
719 655 816 710 tibere
835 669 1030 725 praenoscere
1049 656 1161 726 nequit

236 726 273 778 in
291 724 670 795 supercomprebensione
693 726 795 781 tiberne
816 725 997 781 uoluntatis.
1019 725 1163 781 Voluntas

236 794 316 850 enim
340 796 371 850 in
396 798 464 850 actu
487 795 583 866 primo
608 810 668 852 non
692 796 787 865 magis
810 796 943 852 eontinet
966 797 1043 851 hunc
1063 807 1163 852 actum

238 880 327 937 quam
342 867 519 936 oppositum.
1199 868 1258 923 252

273 940 384 994 Tuusas
408 940 440 992 V.
465 937 565 992 Actus
590 936 703 993 liberos
716 939 798 992 Deus
813 938 850 992 ab
871 940 989 992 eeterno
1005 939 1162 1007 copnoscit
1304 940 1305 943 ’

238 1007 276 1061 in
294 1010 427 1078 ipsemet
442 1011 569 1063 ceritolc
582 1011 753 1063 existentiae
770 1008 965 1063 eorumdem.
977 1007 1010 1062 id
1028 1012 1084 1077 est,
1095 1011 1163 1063 sine

238 1076 306 1132 ullo
318 1082 422 1133 medio
432 1095 469 1133 ex
480 1083 567 1148 purte
586 1080 706 1149 objecti.
720 1080 835 1135 Etenim
849 1079 978 1149 cognitio
997 1078 1096 1134 diviua
1110 1094 1163 1133 ue·

238 1149 304 1220 quit
313 1150 444 1220 incipere
459 1164 526 1204 eum
541 1153 624 1205 actus
635 1152 664 1206 in
675 1154 809 1220 tempore
817 1152 980 1221 ponuntur.
1056 1191 1059 1195 .
1200 1151 1259 1205 252
1305 1173 1306 1245 p

273 1222 382 1276 Tussis
395 1223 438 1275 Vl.
454 1220 576 1276 Futura
590 1222 804 1282 conditionate
820 1224 913 1276 etiarn
929 1223 1164 1290 criprroscuntur
1305 1246 1306 1287 l

236 1306 256 1346 a,
287 1291 349 1346 Deo
382 1292 556 1346 secundum
590 1308 654 1347 esse
684 1295 829 1361 ipsorum
865 1294 1043 1361 proprium,
1079 1289 1164 1362 quod
1305 1294 1306 1297 ’

238 1361 388 1417 heberent
407 1366 436 1416 si
453 1363 647 1417 conditiones
658 1366 864 1433 ponerentur,
881 1377 996 1431 nempe
1011 1364 1046 1416 in
1060 1366 1181 1432 seipsis,

233 1448 289 1487 seu
304 1435 340 1487 in
355 1436 498 1503 ipsorum
515 1434 600 1503 objec
612 1436 674 1487 tion
686 1437 823 1506 ner-itote,
840 1448 908 1487 uam
918 1432 1073 1487 eademest
1083 1437 1160 1489 ratio

234 1506 324 1574 atque
344 1518 399 1574 pro
417 1505 550 1560 absolute
562 1503 682 1559 futuris.
703 1504 809 1561 Sciret.
829 1507 895 1559 Hee
916 1503 1017 1559 lutura
1032 1504 1181 1573 ohJ'ective

234 1577 305 1629 sunt
315 1574 462 1645 quoddam
476 1589 591 1631 verum.
726 1630 727 1637 ,
1198 1576 1258 1630 253

269 1648 300 1701 ll.
324 1647 366 1699 De
380 1646 549 1701 voluntate.
572 1645 655 1712 Quid
678 1649 708 1701 et
728 1644 901 1717 quotuplex
917 1644 959 1700 sit
981 1644 1090 1699 diuina
1109 1660 1164 1700 oo-

235 1716 363 1771 tnntas?
391 1718 543 1787 Voluntas
568 1732 634 1787 quae
663 1719 709 1772 est
732 1718 796 1787 ipsa
821 1717 951 1771 essentia
971 1715 1025 1769 sub
1049 1716 1164 1770 ratione

236 1786 386 1841 volitionis
397 1790 539 1859 spectata,
552 1788 705 1842 dividitur.
723 1790 751 1843 l0
767 1790 795 1842 in
812 1786 1036 1842 antecedentem
1051 1788 1081 1840 et
1095 1801 1163 1841 eon-

234 1861 416 1928 sequentem,
432 1863 463 1913 20
483 1858 513 1912 in
535 1858 720 1913 voluntatem
741 1858 917 1929 beneplaciti
930 1859 961 1912 et
975 1857 1163 1912 voluntatem

234 1929 322 1998 signi,
338 1930 369 1983 30
385 1931 414 1983 in
430 1929 595 1984 absolutam
612 1932 644 1984 et
663 1928 904 1998 conditionalem,
922 1930 952 1981 40
973 1930 1003 1982 in
1027 1942 1162 1982 necessa-

230 1999 309 2053 riam
332 2003 363 2054 et
384 2000 515 2068 liberam,
541 1999 795 2071 uindicarem,
811 1998 1056 2068 etinellleacem,
1075 2000 1105 2052 60
1130 1999 1162 2053 iu

235 2070 391 2140 jubentem
406 2074 683 2141 etpermittentem.
1199 2071 1255 2124 254
1307 2130 1308 2135 1

276 2142 318 2196 De
342 2142 459 2208 obiecto
483 2141 599 2197 divinae
615 2142 796 2211 voluntatis,
813 2140 892 2211 quod
917 2144 962 2195 cst
986 2140 1160 2210 primarium
1307 2160 1308 2163 ¹

241 2212 292 2267 vel
310 2212 528 2268 secundarium.
544 2215 653 2269 Tussis
667 2215 687 2267 l.
717 2213 798 2267 Deus
812 2214 953 2280 seipsum
969 2212 1075 2281 dilicit
1090 2212 1159 2281 pri·

229 2285 354 2351 ,merim
380 2283 637 2353 comprehensive
662 2286 691 2338 et
706 2285 891 2337 necessario.
920 2282 1009 2337 l’rob.
1030 2284 1164 2352 Seipsnm

242 2352 341 2424 diligit
371 2355 539 2426 primario,
555 2356 621 2425 qula
646 2358 692 2409 est
721 2354 776 2410 sihi
803 2354 951 2423 objectum
979 2352 1165 2423 adequatum

241 2424 407 2495 volitionis;
428 2454 462 2466 —
481 2426 734 2495 comprehensive,
755 2426 824 2495 quia
839 2426 884 2478 vis
900 2424 1015 2479 amandi
1031 2428 1077 2478 est
1096 2423 1164 2479 inii·

240 2496 303 2550 nita
325 2513 333 2550 ε
348 2525 382 2536 -
397 2497 657 2565 necessarieque
672 2500 748 2550 lteus
762 2500 808 2550 est
823 2501 947 2566 prorsus
962 2494 1163 2549 immutabilis

240 2566 347 2622 Schot.
364 2570 440 2621 Dens
454 2568 543 2622 etiam
559 2568 725 2624 necessario
740 2566 836 2636 diligit
851 2569 1003 2621 creaturas
1017 2566 1180 2635 possibiles
1201 2567 1256 2620 255

277 2639 386 2692 Tussis
405 2640 436 2692 ll.
456 2639 537 2692 Deus
554 2636 649 2691 libere
664 2641 748 2691 nnrat
768 2640 926 2691 creetnrns
946 2639 1009 2690 tane
1029 2636 1165 2691 ecterales

146 273 148 276 -
237 236 297 299 292
545 258 725 303 ennvmniun
746 256 947 303 curiosorum

241 2722 337 2777 qrrnrn
355 2709 489 2776 futures.
513 2709 582 2778 quia
600 2711 737 2777 respectu
754 2708 804 2762 Dei
824 2722 881 2763 non
899 2707 1006 2761 liabent
1020 2708 1165 2761 rationem

241 2778 308 2833 finis
323 2784 374 2833 aut
393 2779 480 2834 medii
497 2780 665 2833 necessarii.
687 2778 792 2834 Scleot.
812 2781 831 2834 Ι.
842 2778 985 2845 ‚Libertas
1006 2777 1106 2833 divina
1120 2779 1165 2832 est

233 2848 443 2910 indifferentia
457 2852 542 2905 actus
557 2850 594 2905 ad
613 2850 771 2919 objectum.
1078 2850 1083 2855 “
1201 2846 1255 2904 256

276 2924 386 2976 Tnnsrs
406 2923 448 2976 lll.
474 2919 628 2975 Votuntes
649 2921 759 2975 divine
777 2918 949 2973 inmotum
970 2918 1088 2973 morale
1108 2922 1167 2974 tarn

240 2993 278 3045 ut
297 2991 394 3057 finem
419 3008 513 3061 quarn
538 2994 574 3046 ut
595 2991 734 3046 rnediurn
756 2990 833 3060 ferri
852 2993 972 3061 irequit,
989 3004 1073 3045 secus
1087 2993 1165 3044 esset

240 3061 272 3117 iu
286 3063 345 3115 Deo
360 3064 476 3117 aversio
491 3077 508 3117 a
528 3076 643 3116 summo
658 3063 747 3117 bono.
1201 3063 1255 3116 257

276 3135 385 3188 Tunsis
401 3135 448 3189 lv.
464 3135 545 3187 Deus
553 3136 655 3203 potest
672 3133 792 3187 nrelurn
807 3131 978 3202 physicum
993 3129 1165 3200 intendere,

241 3217 307 3258 non
322 3202 451 3272 quidem
467 3219 523 3273 per
541 3219 584 3274 se,
601 3203 655 3258 sed
671 3219 727 3273 per
741 3203 895 3258 occidens.
913 3206 991 3258 Deus
1010 3202 1088 3256 enlm
1107 3216 1166 3275 non

259 3277 338 3330 otest
361 3272 500 3330 delectari
524 3275 555 3330 in
575 3276 652 3330 malo
672 3277 827 3343 creaturae,
843 3272 944 3328 —sed
967 3274 1067 3342 potest
1090 3273 1167 3327 velle

239 3289 350 3400 Bonum
369 3345 528 3415 perfectius
546 3346 593 3400 cul
608 3346 744 3401 obstabat
763 3346 872 3400 bonum
891 3346 1056 3415 physicum.
1201 3344 1255 3399 257

274 3417 316 3470 Dc
336 3415 451 3470 dioinae
470 3415 643 3469 voiuretntis
668 3416 793 3471 dotibus
812 3432 848 3478 ac
864 3413 1094 3485 p‘reecettcntiis.
1115 3414 1166 3469 ure

239 3486 369 3540 virtutes
387 3485 528 3541 dicuntur
541 3487 685 3542 attributa
709 3486 831 3541 moralia
847 3504 854 3541 ι
872 3487 901 3541 10
922 3488 1081 3545 sanctitas,
1098 3498 1165 3554 quae

239 3556 271 3609 in
290 3557 349 3610 Deo
363 3557 410 3614 est
432 3555 609 3628 essentialis,
629 3557 844 3628 substantialis,
864 3555 989 3626 infinita,
1009 3554 1165 3611 indefecti-

238 3624 316 3695 bilis,
331 3629 362 3680 20
377 3626 605 3697 Misericordia,
620 3642 685 3698 quie
701 3630 748 3684 est
761 3628 791 3683 in
809 3629 867 3683 Deo
877 3631 1022 3698 quantum
1036 3626 1074 3681 ad
1089 3626 1165 3681 affe-
