2642 4209
242 261 299 322 140
544 278 723 324 nnnvnnnni
740 277 941 322 pannosorum*

269 392 346 441 Nota.
368 389 504 452 objectum
517 389 585 454 quod
599 391 706 439 scurilia
719 391 879 456 copultiouis
897 397 961 439 suut
976 389 1123 452 qualitates
1137 390 1248 439 seruilu’

256 468 300 502 uoe
314 453 425 515 speciem
436 452 597 514 impressam
609 453 772 514 producunt.
785 454 901 516 Namque
916 467 1005 501 sensus
1018 452 1116 500 directe
1132 456 1157 500 et
1170 450 1248 500 imme?

239 469 308 564 {iate
331 515 429 573 obiecta
452 514 530 564 realia
556 518 581 563 et
606 529 728 578 corporea
755 514 906 583 percipiunt,
922 519 959 568 ,ut
982 528 1013 561 ex
1036 512 1161 579 superiori
1189 506 1248 562 thes¹

238 577 359 636 resultat;
383 575 454 638 atqui
472 591 561 626 sensus
574 575 607 624 ad
620 577 701 640 ipsam
712 576 882 625 substantiam
895 575 1085 642 percipiendam
1098 590 1125 623 se
1139 576 1246 624 attollere

239 642 379 702 nequeunt;
395 637 534 687 substantia
548 637 625 695 enim,
659 653 699 687 nae
712 638 741 686 fit
754 644 870 694 extensa,
883 653 914 687 ac
927 638 1035 701 proinde
1052 634 1186 691 sensibilis,
1208 653 1248 701 per

239 715 285 749 sua
298 699 448 759 accidentia,
460 699 561 748 nonnisi
576 714 621 764 per
634 715 649 748 a
667 700 830 748 structionem
844 699 937 749 mentis
951 703 1005 762 (seu
1024 698 1122 748 relictis
1135 698 1246 748 acciden-

237 761 314 824 tibus)
327 765 411 826 potest
420 759 582 824 deprehendi.
597 762 660 810 lnde
673 760 766 810 dicitur
779 763 902 811 sensibile
911 777 964 823 per
977 762 1110 821 0001110110,
1124 759 1181 810 ideo
1195 762 1245 823 qnia

238 839 284 888 per
297 823 432 888 qualitates
445 823 584 883 sensibiles,
599 822 691 933 quibus
704 823 898 883 determinatur,
912 823 995 886 aliquo
1009 823 1086 892 modo
1109 825 1245 886 apprehen-

239 886 316 936 ditur.
336 887 405 949 Ergo
418 892 534 934 remanet
550 890 577 933 ut
590 899 605 932 o
620 887 716 948 jectum
729 877 855 934 dhectum
868 891 894 934 et
911 885 1087 934 immediatum
1099 884 1245 949 cognitionis

230 947 338 996 ‘sensilis
350 948 401 995 sint
414 947 548 1009 qualitates
562 962 698 1010 crrporum
715 948 853 996 sensibiles

269 1011 329 1060 istae
354 1009 498 1073 qualitates,
523 1025 580 1073 qnae
605 1010 730 1072 objectum
757 1009 909 1058 sensationis
935 1008 1105 1068 constituunt,
1134 1023 1172 1057 eae
1192 1013 1246 1057 sunt

225 1071 329 1136 -qnihus
349 1071 445 1135 species
467 1073 596 1134 impressae
616 1069 807 1134 imprimuntur,
829 1086 888 1120 nan
911 1087 999 1119 sensus
1022 1086 1048 1118 se
1072 1075 1158 1119 movet
1175 1077 1244 1132 prout

238 1131 347 1184 afficitur
360 1149 375 1182 a
388 1135 466 1182 rebus
486 1132 611 1192 externis3
635 1147 713 1197 porro
733 1147 852 1182 mensura
874 1134 950 1198 hujus
971 1130 1191 1181 determinationis
1211 1139 1243 1181 est

238 1195 333 1258 species
343 1196 473 1260 impressa,
488 1210 544 1259 quae
558 1195 684 1243 tamenin
700 1200 759 1243 actu
774 1196 900 1244 sentiendi
913 1210 966 1243 non
981 1195 1090 1243 habetur
1104 1198 1133 1242 ut
1145 1195 1242 1254 sormo-

239 1257 273 1305 lis
288 1256 480 1319 repraesentatio
494 1255 593 1320 objecti,
611 1254 656 1304 sed
669 1262 698 1304 ut
711 1258 832 1319 effectivo
844 1272 888 1306 seu
901 1256 1016 1307 virtualis
1028 1260 1130 1305 tantum
1143 1256 1188 1317 11).

240 1340 244 1358 ³
278 1322 348 1383 230.
378 1355 417 1364 -
445 1323 621 1382 Sebolluru.
640 1323 755 1390 ,Acute
785 1321 953 1399 disputant
986 1321 1173 1382 scholastici
1205 1318 1241 1379 de

238 1407 366 1473 natura,
398 1405 552 1471 essentia,
585 1399 814 1473 divisibilitate,
845 1401 945 1462 modo
980 1399 1148 1469 causandi,
1171 1403 1241 1466 etc..

237 1483 421 1558 specierum
436 1479 699 1542 intentionalium
714 1481 946 1552 materialium
964 1480 1026 1542 sed
1040 1481 1109 1541 ista
1136 1477 1239 1554 dispu-

238 1563 379 1624 tationes
407 1560 503 1622 valde
530 1561 668 1622 subtiles
697 1566 774 1622 sunt
799 1561 891 1637 parvi
919 1561 1091 1630 momenti,
1121 1575 1242 1620 necnon

237 1641 279 1702 ad
304 1645 498 1802 ppaepentem
522 1641 736 1719 questionem
763 1641 844 1702 nihil
866 1641 1109 1718 perspicuitatis
1139 1637 1239 1700 conl-

237 1727 314 1782 11101
338 1722 379 1781 2.

236 1859 308 1921 231.
334 1893 372 1901 -
395 1861 503 1920 Tussis
522 1861 571 1920 lv.
596 1861 724 1935 Species
745 1875 901 1936 cupressu
921 1877 984 1921 uon
1005 1861 1173 1937 recipitur,
1194 1860 1242 1920 sed

278 1939 482 2014 efformulur.

276 2073 366 2134 Nolo.
384 2074 541 2148 Qnaeritu‘r
554 2074 587 2134 in
601 2073 663 2134 hac
679 2074 762 2134 thesi
776 2078 886 2135 utrum
901 2075 1045 2135 senentio
1055 2073 1127 2134 sola
1137 2088 1240 2149 recep-

238 2151 326 2212 tione
343 2155 466 2231 speciei
487 2154 616 2214 sensilis
634 2154 832 2227 absolvatur,
853 2170 896 2213 an
920 2157 1032 2215 contra
1052 2159 1154 2214 uclloe
1176 2169 1239 2212 cou-

237 2239 350 2293 currul
363 2235 509 2309 potentia
524 2234 566 2294 ad
582 2235 771 2295 sensitivam
785 2234 1020 2312 cognitionem.
1038 2230 1049 2312 (
1071 2231 1095 2312 ).

276 2313 446 2374 Probatur.
465 2313 496 2374 Si
511 2314 639 2390 species
655 2330 810 2392 expressa
830 2313 1019 2389 simpliciter
1032 2313 1238 2388 reciperetur,

237 2393 380 2454 sensatio
405 2407 471 2452 non
496 2398 585 2454 esset
608 2396 692 2455 actio
715 2395 825 2454 0110110
848 2398 881 2453 01
904 2394 1105 2464 immanens,
1132 2398 1162 2451 et
1178 2391 1239 2450 huc

237 2473 365 2548 species
379 2489 446 2534 non
462 2479 551 2535 recle
568 2473 735 2534 diceretur
748 2489 921 2548 cupressu:
943 2474 1048 2534 solum
1076 2471 1162 2534 enim
1185 2470 1237 2530 oh·

232 2551 361 2629 jectum
388 2559 514 2632 ageret,
550 2559 583 2614 et
614 2569 733 2614 sensus
767 2553 957 2630 simpliciter
990 2556 1170 2630 pateretur,
1205 2565 1238 2608 ac

235 2630 374 2709 proinde
394 2633 582 2710 subjectum
596 2635 743 2694 sentiens
756 2634 837 2693 nihil
854 2632 999 2702 faceret:
1022 2631 1115 2710 atqui
1132 2645 1237 2692 sensa-

236 2711 279 2770 tio
305 2715 357 2772 est
381 2715 465 2772 actio
490 2713 664 2774 sentientis
687 2730 747 2774 seu
769 2715 916 2789 operatio
936 2713 1067 2773 uinculis
1090 2711 1236 2787 propria:

233 2792 379 2852 sentiens
398 2793 469 2868 ipse
489 2795 578 2854 seulll
598 2809 658 2854 seu
679 2794 848 2872 cognoscit
868 2792 1049 2861 sensibilia,
1074 2795 1108 2851 et
1127 2789 1237 2851 exinde

232 2871 338 2933 active
352 2887 387 2931 se
403 2872 514 2946 habet,
532 2873 621 2950 quod
636 2873 716 2934 alias
732 2870 935 2948 experientia
951 2871 1071 2933 invicte
1089 2870 1235 2931 demons-

232 2954 305 3011 trat.
321 2952 405 3030 Ergo
420 2968 540 3013 sensus
553 2955 700 3030 speciem
721 2969 912 3030 expressam
925 2951 1109 3030 producere
1134 2948 1236 3010 dehet.

263 3119 297 3182 (1)
320 3119 358 3168 lta
380 3119 482 3176 Suarez,
498 3121 530 3168 cle
545 3121 645 3168 Aulula
669 3119 701 3182 (3.
723 3135 747 3169 0.
771 3120 795 3174 2.
818 3134 845 3167 n.
868 3117 910 3179 20)
933 3124 959 3167 et
977 3115 1033 3175 alii3
1055 3113 1130 3166 multi
1151 3119 1237 3164 tamem

231 3180 370 3308 'oflquicrppstae
382 3181 533 3246 praesertim,
548 3182 640 3231 docent
653 3183 720 3231 hanc
732 3181 841 3246 speciem
851 3195 905 3229 esse
915 3177 1107 3229 similitudinem
1116 3176 1239 3226 formalem

263 3329 296 3393 (2)
309 3327 372 3380 Vide
386 3329 513 3380 Pontium.
528 3331 580 3380 Pl.
597 3329 730 3393 cleuuim.
745 3329 811 3394 disp.
826 3330 851 3389 2,
866 3345 892 3392 q.
909 3327 964 3386 7,‚3
979 3326 1039 3378 019.

263 3419 298 3479 lu)
313 3419 371 3467 Non
384 3417 507 3481 quaeritur
519 3410 624 3480 praecise
641 3418 769 3480 quomodo
792 3416 873 3466 active
896 3419 1033 3465 concurrat
1055 3414 1163 3463 facultas
1185 3426 1241 3460 sen·

230 3477 306 3538 tiens,
327 3478 371 3527 sed
392 3485 493 3528 tantum
515 3493 554 3526 uu
573 3481 659 3528 uctive
682 3482 828 3527 concurrat.
854 3479 890 3527 De
914 3479 990 3526 modo
1004 3491 1055 3540 quo
1070 3479 1126 3524 haec
1140 3474 1237 3524 facultas

231 3539 312 3588 active
333 3545 480 3597 concurrat,
503 3555 536 3588 an
557 3539 800 3589 immaterialitatem
820 3536 913 3603 speciei
933 3537 1069 3587 efficiendo
1093 3537 1136 3585 vel
1162 3535 1239 3592 ahter,

231 3601 335 3650 contuse
361 3601 498 3650 admodum
519 3597 649 3664 disputant
670 3601 785 3650 nonnulli
808 3601 970 3650 recentiores.
995 3601 1060 3650 lstas
1082 3597 1236 3663 quaestiones,

231 3661 288 3726 plus
302 3675 378 3725 quam
391 3661 493 3711 inutiles
506 3661 649 3724 tyronibus,
661 3661 889 3726 praetermittimus.
