2642 4209
318 348 516 393 1111111131οΑ
538 348 694 392 securius.
711 365 750 375 -
765 345 963 391 coenoman.
1105 324 1145 386 53

126 464 350 525 annihilantur
368 481 428 540 per
443 464 686 542 corruptionem
710 464 808 523 totlus
835 461 1020 537 compositi;
1045 465 1077 519 et
1091 458 1146 519 hic

124 544 312 617 notandum
341 551 391 604 est
424 545 514 621 quod
544 560 605 605 vox
658 542 898 605 annihilationis
932 541 1070 601 sumitur
1109 542 1147 598 ut

125 626 308 700 opponitur
320 627 392 687 voci
408 626 579 686 creationis
593 625 657 684 late
673 628 820 699 sumptae,
832 637 892 681 seu
907 624 1005 697 prout
1029 618 1148 679 dicitur

127 702 172 764 de
188 704 375 765 substantiis
394 728 406 755 ι
423 720 491 765 101
505 707 539 763 11
553 720 590 763 36
605 704 860 763 subsistentibus
878 725 905 760 ι.

169 782 205 843 ld
219 784 312 859 quod
326 788 452 859 spectat
471 784 513 844 ad
527 786 630 844 varias
645 781 815 843 facultates
831 782 953 847 anime,
970 777 1145 853 explicabi-

125 878 202 921 mus
217 860 251 921 in
271 863 496 941 Psychologia‚
530 880 601 923 cum
626 879 763 940 agemus
787 862 830 923 de
844 859 1057 921 sensibilitate
1072 872 1145 917 res-

124 946 231 1017 pectu
245 949 356 1003 anima
371 944 530 1009 humane.

466 1065 510 1113 lll.
524 1064 562 1113 De
575 1064 629 1113 vita
639 1062 802 1113 intellectiva.

166 1181 218 1243 89.
237 1214 275 1223 -
291 1184 338 1243 De
353 1180 589 1260 perfectissimo
613 1198 651 1242 61
677 1182 727 1241 his
745 1182 846 1241 tribus
861 1182 933 1241 vitae
948 1178 1141 1257 generibus,

125 1274 200 1335 quae
225 1264 319 1321 antea
343 1263 616 1332 enumeravimus
647 1261 770 1339 aliquid
794 1266 947 1336 superest
975 1259 1140 1333 explican-

125 1338 217 1400 dum.
243 1342 313 1400 Vita
337 1342 545 1412 intellectiva,
567 1358 637 1417 qua
664 1351 713 1400 est
745 1342 859 1401 divinae
887 1337 1142 1413 immortalisque

123 1420 198 1479 vilae
219 1420 364 1496 quaedam
391 1420 605 1496 participatio,
634 1421 695 1482 3011
715 1421 840 1479 11111111
858 1421 945 1477 inter
968 1418 1142 1477 animantia

125 1501 295 1574 competit.
322 1501 392 1559 llaec
413 1502 477 1561 vita
494 1506 544 1561 est
561 1502 691 1575 propria
705 1502 887 1575 spirituum,
901 1500 955 1574 qui
973 1498 1140 1557 consortio
1193 1504 1197 1516 ¹

126 1576 274 1653 corporis
289 1594 356 1639 101
372 1588 471 1657 egent
486 1579 519 1639 in
537 1579 709 1640 existendo
725 1580 779 1640 vel
792 1581 825 1638 in
840 1575 1020 1652 operando.

166 1658 203 1717 ln
218 1658 278 1717 hac
289 1658 355 1719 vita
369 1659 567 1720 intellectiva
590 1658 710 1720 diversi
734 1661 828 1719 etiam
840 1658 1054 1736 reperiuntur
1069 1668 1141 1732 gra·
1227 1666 1232 1671 ·

126 1734 202 1809 dus,
219 1740 331 1813 quiex
348 1738 548 1811 perfectione
570 1756 634 1815 qua
654 1741 793 1799 viventia
807 1754 843 1797 se
859 1738 930 1812 ipsa
943 1740 1076 1795 movent
1099 1732 1142 1792 ad

124 1816 307 1893 agendum,
326 1817 595 1878 determinantur.
610 1819 680 1891 Quo
695 1819 810 1879 vivens
829 1816 868 1876 ab
895 1816 965 1877 aliis
988 1815 1142 1875 omnibus

126 1896 258 1957 entibus
274 1901 324 1957 est
338 1901 442 1976 magis
462 1898 693 1974 independens
717 1900 751 1956 11
775 1894 919 1975 agenda,
943 1910 982 1955 eo
1007 1892 1071 1956 vita
1091 1895 1142 1952 est

123 1974 304 2051 perfectior
317 1977 441 2051 inipso,
459 1980 537 2037 Hinc
554 1998 561 2037 ε

168 2056 198 2113 l⁰
232 2056 420 2117 intellectus
453 2058 625 2127 humanus,
659 2059 722 2116 etsi
756 2054 904 2131 seipsum
936 2065 1141 2140 cognoscere

121 2136 240 2208 possit,
259 2134 402 2196 desumit
426 2144 534 2197 tamen
548 2140 687 2214 primum
711 2154 776 2197 sue
794 2133 989 2214 cognitionis
1013 2130 1141 2219 initium
1186 2207 1189 2210 Ι

121 2212 166 2272 ab
197 2215 397 2287 extrinsecam
428 2219 552 2277 animus
581 2219 669 2277 enim
697 2216 869 2285 humanus,
887 2219 922 2273 ut
937 2212 1083 2272 dicemus
1108 2224 1142 2267 rn

119 2290 350 2372 Psychologia,
362 2296 432 2355 sine
439 2296 718 2371 phantasmatibus
731 2311 793 2355 seu
803 2292 1143 2371 representationibus

121 2374 337 2433 sensibilibus
365 2389 430 2433 101
463 2375 624 2453 intelligit.
653 2377 723 2434 Vita
750 2377 850 2449 igitur
876 2373 1079 2435 intellectiva
1106 2376 1141 2432 in

120 2452 231 2527 gradu
247 2452 354 2513 infimo
370 2456 534 2529 reperitur
544 2456 577 2514 in
592 2455 735 2525 homine,
752 2460 886 2531 propter
900 2453 985 2511 banc
1011 2450 1138 2527 depen-

123 2529 270 2591 dentiam
287 2534 327 2593 ab
347 2535 542 2595 extrinseco,

164 2612 197 2671 2⁰
225 2610 296 2671 Vita
309 2613 508 2673 intellectiva
534 2612 632 2673 modo
651 2614 751 2692 longe
768 2610 952 2688 perfectiori
975 2610 1141 2684 reperitur

119 2689 158 2747 in
175 2692 300 2768 angelis
314 2706 374 2750 seu
389 2693 479 2763 puris
497 2692 677 2768 spiritibus.
706 2717 718 2745 ‹
739 2693 918 2770 angelicus
937 2689 1138 2760 intellectus,

120 2771 164 2828 ut
176 2770 220 2827 ait
233 2776 364 2829 sanctus
380 2772 525 2835 Thomas.
540 2771 580 2832 ad
595 2772 644 2831 sui
661 2774 880 2848 cognitionem
899 2783 967 2830 101
988 2768 1140 2845 procedit

121 2864 168 2909 ex
191 2848 300 2925 aliquo
326 2852 489 2919 exteriori,
516 2851 576 2912 sed
600 2868 661 2929 per
686 2868 723 2911 se
739 2852 910 2928 cognoscit
935 2850 1137 2925 seipsum...;

120 2931 265 2988 attamen
281 2930 417 2991 intentio
433 2930 600 2990 intellecta
616 2944 684 2989 101
696 2933 746 2989 est
755 2930 904 3009 angelica
913 2928 1135 3001 substantiam

119 3009 158 3068 in
170 3008 299 3085 angelis
315 3010 399 3068 enim
416 3009 600 3086 intelligere
615 3026 682 3071 non
699 3014 750 3069 631
763 3026 849 3079 6336,
862 3014 899 3068 ut
914 3009 1030 3067 melius
1044 3012 1137 3084 pate-

120 3085 171 3161 bit
186 3103 228 3147 ex
242 3087 393 3147 dicendis¹
406 3090 439 3149 in
454 3088 631 3169 'theologia
641 3090 790 3149 naturali.
806 3090 891 3166 Ergo
907 3088 972 3148 vita
986 3086 1136 3147 intellec·

123 3166 189 3227 tiva
216 3168 249 3226 in
277 3166 384 3243 gradu
409 3170 569 3243 superiori
596 3170 761 3243 reperitur
787 3171 820 3227 in
849 3167 986 3243 angelis
1028 3166 1139 3243 quiin

119 3244 291 3322 operando
314 3251 390 3307 sunt
411 3249 516 3324 magis
535 3246 862 3323 independentes‘ab
877 3248 1082 3306 extrinsecis.

162 3325 195 3385 3⁰
206 3324 357 3400 Denique
371 3326 436 3387 vita
451 3328 697 3389 intellectivam
712 3328 864 3406 altissimo
881 3324 989 3403 gradu
1008 3325 1140 3401 propria

120 3408 174 3464 631
188 3404 288 3465 solius
301 3407 369 3476 Dei,
388 3408 444 3481 qui
459 3407 557 3481 plene
574 3412 607 3466 et
621 3405 857 3483 perfectissime
873 3422 914 3467 ex
929 3404 1038 3482 seipso
1055 3420 1136 3482 ope·

118 3491 226 3555 ratur;
257 3484 345 3545 Deus
374 3487 459 3546 enim
489 3491 539 3547 est
561 3486 626 3547 vita
654 3485 891 3561 perfectissima
911 3488 1037 3547 lumin
1062 3489 1139 3544 actu

118 3562 226 3637 primo
241 3564 290 3640 (ll,
307 3561 358 3640 69)
374 3569 533 3639 spectata,
551 3572 615 3625 11111
632 3566 665 3625 11
676 3570 751 3626 actu
765 3564 914 3626 secundo
935 3582 997 3625 seu
1011 3566 1044 3625 in
1059 3579 1141 3639 ope·

118 3641 246 3703 ratione
260 3643 358 3710 vitali,
376 3660 447 3720 qua
461 3645 648 3705 nullatenus
660 3644 854 3719 dependere
869 3651 975 3721 potest
990 3644 1030 3706 ab
1046 3649 1141 3705 exte·

117 3721 206 3783 riore
220 3721 394 3801 principio,
409 3726 442 3783 tn
454 3725 522 3785 Deo
539 3724 726 3802 intelligere
742 3731 793 3785 est
809 3740 895 3785 esse.
