2642 4209
207 235 251 295 so·
517 254 697 296 nnni'iinmu
716 252 917 296 ririiosornua

206 367 344 437 ralibus;
367 369 399 429 2⁰
422 366 463 427 dc
486 365 647 427 miraculis
662 365 838 441 improprie
854 365 959 436 dictis,
976 383 1038 428 seu
1056 341 1099 428 de
1117 368 1225 429 eiiec-

209 448 295 508 tibus
316 450 403 509 miris
434 450 489 507 aut
509 445 837 523 praeternaturalibus
865 451 868 456 '

278 572 296 633 ἓ
310 569 329 622 Ι.
342 570 382 623 De
402 564 619 637 supernaturali
632 564 872 633 thaumaturgico
887 580 940 621 seu
955 566 991 623 dc
1005 568 1150 623 miraculo

560 635 695 717 'proprie
709 634 788 690 dicto
804 638 815 705 <
833 638 857 706 ).

247 754 298 815 91.
322 786 360 795 -
376 754 399 813 Ι.
422 755 468 813 Dc
490 745 646 811 miraculi
664 755 795 811 cataro.
817 752 1006 814 Miraculum
1028 770 1224 831 asuperna-

207 833 303 895 turall
325 832 433 893 differt
465 836 618 909 tanquam
652 832 782 909 species
805 848 824 892 a
844 849 982 911 genere.
1016 838 1223 909 Supernate-

208 912 281 973 rolc
312 917 361 972 est
391 910 425 971 id
456 926 553 972 omne
584 909 676 987 quod
705 914 852 972 naturam
876 920 1020 989 superat.
1043 916 1083 973 At
1104 930 1224 989 super-

209 992 357 1053 naturale
388 996 499 1068 potest
529 988 725 1051 considerari
755 992 784 1051 l⁰
806 993 917 1068 quoad
939 995 1121 1059 essentiam.
1144 998 1225 1055 tunc

153 1148 156 1153 ,
211 1070 317 1132 estid
338 1070 542 1147 omnequod
565 1075 742 1146 exsuperat
763 1072 939 1151 cujuslibet
967 1079 1088 1133 naturae
1110 1080 1225 1135 creata

208 1154 437 1227 proprietates
479 1155 511 1211 et
547 1148 742 1227 exigentiae,
769 1167 800 1212 v.
830 1169 894 1231 gr„
927 1152 1007 1213 visio
1049 1151 1223 1220 beatifica:

208 1233 240 1291 2⁰
262 1230 372 1310 quoad
395 1230 601 1303 effectionem,
627 1228 717 1307 quod
741 1246 812 1290 cum
835 1232 879 1291 ita
899 1236 951 1298 sit,
986 1237 1037 1293 est
1065 1232 1100 1292 id
1133 1234 1226 1310 quod

207 1310 294 1372 vires
315 1312 475 1373 universa
489 1314 610 1370 naturae
631 1310 909 1387 praetergreditur,
933 1329 964 1373 v.
989 1329 1036 1388 g.,
1051 1328 1223 1375 resurrec-

208 1394 252 1452 tio
274 1391 403 1460 mortui‚
430 1394 463 1450 et
484 1388 600 1449 dicitur
613 1390 803 1450 miraculum
823 1392 957 1469 proprie
985 1392 1122 1453 dictum.

206 1530 255 1591 92.
281 1558 319 1569 -
340 1526 447 1585 Tussis
468 1522 491 1585 i.
504 1522 699 1581 Mirocttlum
722 1526 856 1597 proprie
877 1526 999 1585 dictum
1022 1526 1109 1586 ceres
1127 1528 1226 1586 totius

247 1612 373 1667 acturae
394 1606 510 1664 create
531 1602 642 1677 atiquo
659 1604 754 1663 modo
771 1605 927 1665 excedere
942 1606 1044 1665 dcbct.

249 1740 342 1802 Noto.
375 1737 497 1797 Naturae
532 1734 665 1793 nomine
693 1734 747 1795 hic
775 1737 865 1795 venit
887 1738 1225 1813 complexusentium

210 1824 390 1898 creatorum
414 1814 554 1892 quodam
577 1813 693 1873 ordine
717 1814 946 1891 dispositorum
970 1821 1004 1877 et
1020 1818 1118 1897 juxta
1129 1818 1225 1898 leges

209 1899 359 1979 proprias
381 1894 597 1971 operantium.

138 2028 139 2031 ,
250 1980 424 2040 Probatur.
447 1972 649 2043 miraculum,
671 1977 709 2031 ut
729 1972 918 2049 simpliciter
949 1975 1012 2037 dici
1034 1976 1139 2053 possit
1164 1978 1223 2037 ali-

211 2058 290 2139 quid
323 2054 479 2126 mirabile‚
518 2052 618 2113 debet
652 2054 752 2128 supra
785 2055 881 2132 leges
914 2058 1073 2117 universae
1102 2062 1224 2117 natura

210 2141 357 2201 eminere
377 2154 388 2196 .:
413 2134 505 2194 aliter
525 2134 610 2192 enim
622 2147 690 2190 non
702 2136 790 2193 esset
804 2150 858 2193 res
880 2133 1093 2195 admiratione
1110 2135 1223 2216 digna,

211 2221 324 2280 saltem
347 2231 406 2293 pro
428 2214 478 2275 his
501 2213 659 2273 creaturis
682 2227 818 2287 quarum
842 2214 928 2274 vires
942 2230 1009 2275 non
1025 2216 1222 2284 excederet;

210 2301 275 2359 imo
296 2296 471 2358 sectandam
493 2309 525 2353 se
547 2305 614 2351 non
634 2288 720 2351 foret
741 2292 865 2369 aliquid
879 2307 957 2354 vere
968 2296 1131 2369 mirabile,
1149 2312 1224 2356 cum

212 2380 285 2457 ejus
309 2390 404 2436 causa
426 2388 493 2434 non
515 2376 603 2432 esset
625 2372 783 2432 creaturis
816 2389 934 2450 reapse
961 2377 1099 2435 occulta.
1126 2374 1224 2452 Atqui

211 2460 354 2519 omnium
375 2455 488 2515 virium
510 2455 630 2511 naturae
663 2459 778 2511 creatae
800 2452 971 2528 explicatio
994 2469 1062 2515 non
1084 2459 1134 2515 est
1164 2455 1223 2515 ali-

203 2536 290 2616 quid
312 2548 408 2610 supra
431 2538 484 2593 aut
508 2534 621 2591 contra
641 2530 737 2608 leges
758 2536 890 2593 naturae.
919 2534 1003 2611 Ergo
1034 2532 1223 2595 miraculum

211 2618 343 2695 proprie
372 2612 490 2673 dictum
506 2609 607 2670 debet
627 2612 713 2669 vires
746 2611 920 2689 cujuslibet
945 2619 1102 2673 creatura
1125 2630 1224 2674 exce-

213 2696 292 2771 dere
315 2710 373 2753 seu
405 2692 538 2768 exigere
569 2689 747 2767 specialem
771 2706 810 2751 ac
831 2691 1007 2769 positivum
1031 2694 1091 2753 Dei
1121 2693 1224 2755 inter-

11 2834 15 2841 ,
211 2779 355 2838 ventum.

251 2854 303 2917 93.
326 2884 365 2895 -
398 2848 629 2911 corollarium.
663 2848 744 2909 Hinc
773 2848 859 2910 ialsae
889 2854 965 2911 sunt
985 2850 1223 2927 descriptiones

211 2932 356 2995 miraculi
377 2945 458 3007 quas
480 2928 683 2994 Houtteville‚
707 2926 763 2987 Ch.
783 2930 922 3000 Bonnet‚
951 2934 1027 3003 etc„
1056 2930 1220 3008 excogita·

211 3019 296 3090 runt,
328 3011 423 3091 juxta
459 3024 552 3086 quos
595 3008 783 3067 miraculum
806 3008 984 3071 haberetur
1016 3015 1053 3069 ut
1088 3010 1222 3071 effectus

111 3140 113 3149 ,
203 3096 357 3155 ,insuetus
380 3105 438 3149 seu
461 3093 617 3149 consueto
632 3094 754 3147 naturae
770 3091 875 3147 cursui
890 3088 1081 3157 contrarius,
1096 3106 1222 3166 proma-

210 3188 295 3233 nans
317 3176 426 3231 tamen
448 3168 488 3227 ab
513 3165 646 3227 occultis
668 3171 789 3226 naturae
809 3168 950 3246 legIbus
969 3170 1021 3241 Sic
1034 3170 1223 3230 miraculum

102 3282 105 3287 ·
140 3306 141 3309 ,
212 3255 302 3313 esset
323 3264 406 3327 opus
427 3248 601 3315 insolitum,
626 3244 686 3306 sed
706 3245 866 3308 naturale.

100 3352 115 3403 s,
146 3368 147 3371 =
251 3331 301 3394 94.
324 3363 364 3373 —
385 3326 562 3387 senorium.
589 3329 617 3387 1⁰
637 3325 791 3385 Miracula
811 3324 943 3403 proprie
966 3326 1052 3387 dicta
1073 3327 1144 3388 solo
1164 3328 1222 3387 Dei

101 3448 107 3477 -,,
210 3408 347 3487 imperio
379 3405 474 3477 fiunt3
507 3420 582 3466 nam
615 3420 732 3465 omnes
764 3420 866 3466 causae
896 3406 1049 3467 secunda
1090 3406 1222 3467 subditae

211 3492 286 3553 sunt
308 3486 414 3550 ordini
436 3499 532 3562 quem
553 3484 641 3544 Deus
674 3484 707 3543 in
735 3484 835 3546 rebus
867 3487 987 3556 statuit,
1017 3502 1055 3546 ac
1085 3485 1222 3565 proinde
1310 3475 1312 3526 ἕ

173 3716 174 3719 ¹
244 3646 277 3709 (l)
290 3644 351 3698 vid.
366 3643 393 3693 S.
409 3641 501 3691 Thom.
519 3640 622 3689 samm.
633 3638 703 3701 phil.
715 3636 760 3686 lib.
775 3652 805 3687 tn
819 3654 844 3690 c.
861 3637 892 3687 98
906 3638 985 3689 ·110.
