2642 4209
216 211 272 273 104
523 228 701 272 saeviamus
723 228 928 273 rnttesonms

213 357 288 422 quae
310 342 430 419 ,dicitur
450 342 615 418 appetitus
627 341 824 417 -sensitivus,
857 343 899 404 de
928 359 993 422 quo
1014 343 1228 420 inpraesenti

211 424 418 503 paragrapho
442 423 540 483 etiam
560 438 711 500 agemus.

556 552 577 600 l.
591 551 630 601 De
643 551 758 600 sensibus
770 548 892 600 externis.

255 661 321 722 162.
346 693 384 702 -
411 659 533 719 Sensus
555 662 712 719 externos
733 658 968 734 praeeellentiae
990 657 1106 719 ordine
1120 658 1231 737 dispo·

213 741 293 802 sitos
314 739 526 817 singulariter
552 738 850 810 considerabimus;
890 747 949 798 eos'
989 742 1101 798 tamen
1135 741 1229 800 brevi

137 816 139 824 ’
214 820 440 881 describemus
472 816 564 896 (182),
599 819 667 880 sive
699 819 775 895 quia
808 833 1006 896 organorum
1032 823 1229 880 structuram

213 899 419 978 physiologia
449 900 614 975 explanat,
648 900 716 959 sive
747 899 789 958 ob
820 899 1090 975 perspicuitatem
1111 914 1229 960 eorum

214 983 361 1041 omnium
383 994 458 1057 quae
480 979 648 1056 pertinent
670 977 712 1038 ad
733 993 893 1038 sensuum
916 978 1159 1039 distinctionem
1194 982 1230 1040 et

214 1059 356 1120 ob'ecta.

207 1189 210 1192 .
254 1078 285 1200 i⁰
311 1143 409 1211 Visus,
449 1139 543 1217 cujus
574 1136 743 1216 objectum
763 1139 933 1214 proprium
964 1142 1014 1198 est
1043 1139 1102 1198 lux
1128 1143 1228 1216 atque

214 1217 353 1291 colores
388 1219 444 1296 qui
473 1218 610 1294 proprie
638 1216 673 1275 in
703 1216 778 1276 luce
799 1219 1021 1292 reperiuntur,
1044 1219 1229 1293 dispositive

213 1298 246 1358 in
282 1299 485 1374 corporibus,
519 1295 767 1373 potestatium,
804 1313 868 1374 ope
899 1297 981 1357 lucis
1012 1299 1227 1370 atomorum,

213 1379 387 1454 percipere
411 1376 652 1447 extensionem,
676 1374 827 1454 figuram,
852 1375 1053 1449 distantiam,
1086 1382 1226 1451 motum,

217 1460 376 1534 quietem,
402 1464 465 1519 etc.

257 1543 424 1613 (trpenem
453 1536 542 1596 visus
573 1536 677 1596 oculis
708 1537 896 1597 continetur
921 1550 1063 1613 quorum
1084 1534 1225 1596 admira-

211 1616 286 1678 bilis
319 1633 499 1695 compages
533 1613 654 1675 indicia
691 1613 748 1674 dat
784 1616 919 1676 minime
945 1616 1104 1692 ambigua
1138 1631 1224 1692 prae-

213 1696 372 1756 cellentiae
393 1697 492 1776 liujus
514 1711 642 1766 sensus,
668 1694 724 1770 qui
746 1700 797 1756 est
812 1697 953 1755 maxime
975 1695 1165 1773 spiritualis.

251 1777 297 1836 Ex
318 1777 519 1854 pantologia,
545 1792 615 1852 quae
638 1774 847 1834 alterationes
868 1776 966 1854 huJ‘us
989 1777 1104 1853 organi
1131 1779 1223 1851 pate-

211 1853 300 1924 facit,
322 1854 418 1916 facile
442 1856 589 1934 arguitur
611 1854 762 1914 absoluta
785 1855 857 1932 ejus
880 1860 914 1915 et
938 1872 957 1915 a
978 1856 1049 1931 pari
1085 1855 1226 1916 aliorum

212 1951 413 2012 organorum
436 1935 653 1996 materialium
675 1937 858 1994 necessitas
888 1935 999 2012 quoad
1032 1935 1226 1996 exercitium

212 2015 447 2076 sensibilitatis.
481 2017 562 2076 Nam
593 2013 721 2083 oculus,
746 2014 936 2091 quietique
957 2016 1073 2078 morbo
1095 2016 1225 2077 laborat

211 2111 273 2154 seu
294 2111 361 2154 non
385 2101 435 2154 est
454 2094 682 2172 undequaque
704 2091 882 2173 perfectus,
906 2093 942 2154 fit
968 2095 1043 2170 plus
1073 2097 1224 2158 minusve

210 2173 316 2250 impar
337 2175 379 2235 ad
400 2175 561 2236 visionem
583 2172 817 2244 exercendam,
840 2190 971 2234 necnon
994 2191 1114 2235 sensns
1134 2192 1153 2236 a
1175 2175 1225 2236 sui

210 2258 303 2314 actus
326 2253 528 2326 perfectione
551 2252 680 2314 recedit
699 2269 758 2328 pro
792 2259 864 2314 rata
898 2257 993 2332 parte
1029 2255 1222 2335 hujusmodi

212 2334 421 2395 alterationis·
435 2333 561 2412 organi.

249 2416 328 2474 ltinc
360 2415 564 2490 experientia
597 2413 707 2488 ample
740 2412 945 2474 demonstrat
983 2431 1109 2494 organa
1146 2429 1225 2476 esse

209 2492 428 2554 instrumenta
451 2494 493 2555 ad
515 2492 764 2554 sensibilitatem
796 2492 1019 2554 exercendam
1042 2497 1224 2556 intrinsece

212 2574 412 2634 necessaria.
1299 2586 1301 2591 '

248 2654 280 2712 2⁰
306 2654 452 2724 rturtttes,
478 2651 572 2729 cujus
599 2651 769 2729 objectum
795 2651 963 2726 proprium
990 2657 1068 2714 sunt
1089 2653 1163 2714 soni
1185 2669 1226 2713 er

208 2736 302 2792 motu
336 2732 511 2793 vibratorio
555 2746 729 2806 corporum
771 2731 980 2791 elasticorurn
1015 2733 1088 2803 orti,
1125 2748 1226 2794 aures
1299 2798 1301 2805 ,

208 2811 334 2871 habent
356 2828 414 2888 pro
437 2825 573 2888 organo,
598 2811 793 2870 Sermonem
823 2811 973 2888 percipit,
998 2814 1054 2890 qui
1076 2816 1126 2873 est
1149 2813 1225 2875 vin·
1299 2814 1301 2851 ²

210 2890 321 2950 culum
353 2893 519 2951 societatis
552 2893 585 2948 et
612 2890 818 2966 disciplinam
850 2891 956 2952 affert.
986 2894 1065 2953 ltine
1093 2894 1226 2955 ratione

208 2970 387 3030 nobilitatis
409 2975 484 3046 post
505 2969 611 3030 visum
633 2973 743 3030 statim
764 2971 863 3030 venit.
1299 3022 1301 3031 ,

249 3050 280 3109 3”
313 3049 458 3124 olfactus
489 3052 573 3110 circa
605 3049 726 3110 odores
758 3055 918 3122 versatur,
956 3051 1012 3127 qui
1047 3051 1226 3114 subtilibus

209 3125 414 3188 diversorum
427 3145 602 3203 corporum
618 3129 880 3190 exhalationibus
896 3135 1047 3191 constant
1059 3148 1227 3209 organum
1299 3192 1301 3207 ,

207 3207 347 3268 olfactus
372 3224 432 3268 seu
458 3223 556 3269 nares
582 3211 676 3269 varie
709 3207 939 3271 afficientibus.
972 3213 1056 3271 Ante
1087 3215 1227 3289 gustum
1299 3214 1301 3268 1

207 3291 239 3346 et
274 3291 397 3348 tactum
421 3290 522 3356 venit,
554 3289 630 3366 quia
657 3288 731 3366 ejus
760 3289 946 3366 conjunctio
980 3306 1055 3350 cum
1084 3293 1228 3352 materia

205 3380 273 3426 non
296 3371 347 3427 est
367 3366 557 3428 immediata
579 3371 664 3430 sicut
684 3369 718 3428 in
739 3372 852 3446 gustu,
876 3372 910 3428 et
933 3386 1042 3431 crassa
1064 3370 1225 3448 quemad·
1299 3400 1301 3425 ι

206 3446 344 3507 modurn
365 3444 399 3505 in
422 3451 522 3506 tactu.
693 3459 703 3467 ·
1299 3488 1301 3503 .

182 3583 185 3588 ,
246 3524 278 3584 4⁰
309 3527 423 3585 Gustus
452 3524 648 3585 adminiculo
685 3525 785 3599 palati
820 3542 953 3602 sapores
982 3530 1133 3607 percipit.
1169 3527 1225 3588 Ad
1299 3547 1301 3601 5

208 3604 414 3665 sensationes
435 3608 553 3682 gustus
574 3605 753 3682 requiritur
771 3610 808 3667 ut
828 3607 960 3685 objecta
984 3609 1131 3670 sensorio
1158 3607 1226 3668 im-
1299 3642 1301 3681 3
