2642 4209
232 226 292 290 966
542 246 725 293 snsvnumu
745 246 948 292 ruinosonnns

228 355 292 412 scri
318 356 391 427 tice,
408 358 443 412 ut
456 359 575 413 constat
588 372 626 413 ex
642 356 815 414 definitione
829 359 920 429 hujus
935 358 1014 414 modi
1028 372 1088 429 quo
1103 356 1159 413 ali·

229 426 281 499 qui
316 431 362 483 est
380 428 413 482 in
428 428 500 483 loco.
517 427 622 484 Schol.
640 430 917 500 supernaturalter
936 443 1045 501 corpus
1061 430 1160 500 potest

232 498 449 555 simulassem
483 498 597 554 iuribus
611 500 691 555 locis.
1207 501 1237 557 21

264 571 375 651 Tussis
391 570 435 624 lll.
456 512 601 651 &patritus
621 586 688 625 non
708 573 785 626 sunt
805 572 842 626 in
865 571 933 630 loco
953 569 1156 629 circumscri-

228 642 326 710 ptwc,
343 639 396 696 sed
410 640 588 709 definitive.
608 642 730 697 Constat
749 658 785 698 ex
805 643 1035 701 definitionibus.
1050 640 1156 699 Schol.

229 710 359 782 Spiritus
373 726 432 766 non
446 712 538 767 estin
552 712 616 768 loco
630 726 686 783 per
700 727 742 784 se,
758 714 811 770 sed
824 730 879 785 per
893 715 1039 773 accidens.
1205 716 1234 771 21

266 784 376 839 Tussis
389 785 435 839 IV·
452 782 544 838 Idem
559 798 676 853 corpus
689 787 791 853 potest
805 801 869 841 esse
884 784 986 843 simul
1000 785 1036 840 in
1051 783 1158 839 dincr-

231 853 277 907 sis
304 851 382 908 locis
405 853 582 923 dedititiae,
600 857 747 925 ctpolest
764 858 880 913 esseio
896 873 963 913 uno
983 854 1156 925 definitive,

231 924 268 977 in
291 922 357 981 alio
381 924 669 996 circumscriptioc.
685 927 807 983 Constat
821 943 857 985 ex
881 929 969 985 facto.
986 924 1092 983 Schol.
1115 928 1156 979 De

231 992 320 1121 mod?
350 995 519 1066 praesentiae
551 996 685 1068 corporis
717 998 826 1056 christi
860 999 892 1057 iu
929 998 1032 1055 altaris
1056 1010 1155 1053 sacra·
1204 1069 1233 1124 21

233 1078 300 1120 men
315 1081 342 1122 o.
1058 1084 1062 1095 ·

264 1138 375 1192 Tussis
389 1138 423 1193 V.
439 1135 655 1209 Metaphystce
669 1152 736 1195 non.
751 1143 908 1211 repuqnal
928 1140 1025 1213 plura
1043 1152 1156 1209 corpo·

231 1221 266 1261 ra
285 1208 322 1261 in
341 1207 451 1263 eodem
472 1207 539 1265 loco
562 1208 663 1264 simut
688 1211 780 1266 coire.
808 1213 874 1267 Vim
893 1212 1071 1283 naturalem,
1090 1222 1157 1281 quae

230 1276 341 1333 dicitur
353 1278 626 1351 impenetrabilitas‚
642 1283 719 1336 Deus
734 1282 854 1339 vincere
867 1285 977 1354 potest.
1029 1340 1033 1347 ,
1203 1281 1235 1333 22

608 1388 684 1452 5111.
704 1389 745 1442 De
760 1403 864 1443 vacuo.
965 1426 967 1431 ·

266 1492 396 1545 Vacuum
411 1491 458 1547 cst
472 1493 599 1562 spatium
614 1494 695 1547 omni
708 1508 833 1563 corpore
848 1506 953 1550 carens
968 1490 1047 1563 quod
1061 1490 1158 1548 conti·

233 1574 306 1617 nere
318 1564 419 1631 potest
434 1580 441 1617 :
457 1561 603 1619 dividitur
617 1564 647 1617 in
661 1564 869 1635 imaginarium
884 1568 914 1620 et
927 1564 1018 1620 reale.

265 1634 385 1687 Tussis.
412 1632 557 1690 Vacuum
575 1635 812 1704 tmapinarium
832 1652 898 1692 oon
918 1640 962 1691 est
980 1632 1156 1706 positivum

229 1701 284 1757 sed
299 1704 494 1775 cepaticum,
510 1708 614 1775 utpote
627 1708 696 1760 actu
709 1720 868 1763 removens
883 1705 1041 1761 relationes
1055 1702 1149 1758 reales

231 1771 267 1828 ad
281 1788 417 1846 corpora.
430 1774 537 1832 Schol.
552 1777 594 1831 De
607 1790 702 1831 vacuo
715 1778 845 1847 positivo
859 1780 888 1832 et
902 1778 1051 1849 negative.

653 1900 770 1957 CAPUT
788 1902 820 1957 Il.

231 2041 269 2084 DE
298 2040 401 2086 MUNDO
430 2042 558 2101 vismitl,
590 2044 691 2097 Quoto
719 2044 871 2089 PRAECIPUA
895 2044 1003 2089 Eurum
1029 2042 1146 2087 GENERA

591 2124 700 2177 QUIBUS
717 2125 886 2171 GOALESClT.

620 2233 820 2289 ARTICULUS
835 2234 855 2288 Ι.

534 2338 571 2392 De
585 2342 745 2408 corporibus
759 2341 944 2409 inorpantciu

266 2452 355 2509 Plura
375 2454 446 2509 sunt
464 2455 626 2524 systemata
646 2454 725 2510 circa
744 2457 882 2511 naturam
896 2466 1057 2525 corporum
1075 2467 1082 2505 τ
1096 2450 1157 2506 haec
1302 2502 1303 2511 ,

230 2526 394 2594 systemata
408 2524 447 2580 ad
460 2525 520 2579 tria
533 2527 671 2581 revocari
684 2530 818 2597 possunt.
1204 2518 1235 2575 il
1302 2560 1303 2573 ,

317 2653 335 2716 5
350 2652 370 2707 l.
385 2650 471 2706 Falsa
485 2653 537 2705 aut
550 2650 729 2721 incompleta
743 2652 906 2719 systemata
920 2651 1000 2706 circa
1013 2648 1152 2704 naturam

650 2735 818 2792 corporum.

263 2836 408 2907 systema
421 2838 605 2892 atomtcum.
621 2837 752 2908 Corpora
765 2840 985 2908 componuntnr
998 2852 1035 2892 ex
1050 2834 1157 2891 atomis

228 2908 312 2963 varie
326 2908 488 2977 dispositis
506 2910 735 2964 -Atomismus
749 2909 912 2978 chymicus.
1203 2904 1234 2959 25

262 2980 373 3034 Tussis
386 2980 407 3033 1.
422 2978 566 3049 systema
579 2979 755 3034 atomicum
770 2983 815 3035 est
830 2980 937 3048 impar
949 2977 989 3034 ad
1004 2976 1157 3048 composi·

229 3050 350 3106 tionem
369 3064 540 3119 corporum
559 3049 793 3119 explicandam.
818 3052 846 3106 1ο
864 3050 1046 3105 Atomismus
1063 3061 1157 3119 purus

228 3120 389 3176 essentiam
403 3120 614 3176 molocularum
628 3135 689 3176 non
704 3122 830 3192 explicat
844 3136 899 3176 nec
914 3122 1060 3176 rationem
1077 3118 1158 3174 suill-

228 3191 357 3246 cientem
372 3190 471 3245 reddit
485 3192 709 3247 constitutionis
729 3206 906 3262 corporum3
930 3195 960 3247 2⁰
978 3191 1158 3246 ntornismus

228 3260 383 3331 chymicus
400 3276 459 3316 non
475 3263 596 3331 attingit
609 3262 815 3334 primordialia
829 3276 986 3333 corporum
1001 3262 1157 3332 elementa,

227 3361 263 3375 -
283 3346 381 3403 neque
402 3334 570 3388 atomorum
592 3334 753 3388 essentiam
773 3336 913 3403 detegere
928 3335 1035 3405 potest,
1052 3360 1086 3373 —
1100 3345 1155 3387 nec

228 3416 389 3473 corporum
406 3402 610 3459 diversitatem
625 3403 808 3459 sufficienter
822 3404 980 3475 explicare.
1204 3404 1235 3457 26

264 3473 309 3528 De
324 3476 492 3543 systemate
507 3475 689 3543 dynamico.
706 3477 836 3545 Corpora
850 3490 887 3529 ex
907 3472 1061 3530 elementis
1080 3473 1154 3529 sim·

229 3542 356 3614 plicibus
376 3547 606 3614 componuntur,
632 3559 699 3614 quae
722 3546 751 3600 vi
776 3544 903 3616 quadam
928 3559 981 3600 seu
1004 3543 1156 3600 activitate

29 3634 33 3638 >
126 3665 129 3666 γ
229 3613 357 3685 praedita
371 3616 452 3670 sunt.
468 3617 509 3669 De
523 3614 709 3686 quadruplici
723 3615 820 3671 forma
834 3617 922 3687 hujus
936 3614 1115 3686 systematis.
1203 3616 1235 3670 28
