2642 4209
223 301 422 347 urriruvsmi
444 301 600 346 sensiatis.
618 317 654 328 -
671 282 886 346 rsvcaoioon.
1008 283 1061 346 141

62 435 149 482 senus
161 418 252 480 nulla
266 418 445 480 haberetur
459 419 541 480 aetio
560 417 751 490 sentientis;
775 416 811 477 id
836 418 922 478 enim
948 417 1063 480 stunta-

63 505 109 562 xat
124 499 330 574 efficiendum
342 505 491 560 remanet
503 500 536 560 in
554 501 630 558 actu
644 497 821 559 sentiendi.
1153 511 1157 520 ·

95 581 164 640 232.
187 612 225 621 -
245 579 414 641 scholium
434 581 456 640 1.
478 581 549 640 Haeo
567 579 710 655 species,
740 594 811 654 qua
839 583 890 638 est
920 576 1065 638 formatis

65 659 297 736 repraesentatio
314 658 447 738 objecti,
463 661 571 736 reipsa
587 655 809 733 confunditur,
821 659 917 738 juxta
932 658 1063 733 multos

66 757 133 801 oum
167 741 236 815 ipso
274 742 358 799 aotu'
382 739 559 812 sentiendi;
595 744 824 799 verumtamen
852 740 979 798 ratione
1003 736 1065 797 dis-

65 822 263 897 tinguuntur,
293 822 457 895 quatenus
491 820 546 882 illa
582 823 693 880 aetum
721 817 912 878 denominat
938 819 1065 878 ratione

68 898 187 961 termini
213 913 275 958 seu
302 899 351 958 rei
377 897 485 960 factae.
522 899 600 960 llino
636 897 753 958 dicitur
780 901 880 958 etiam
908 899 1066 958 terminus

67 979 248 1054 stiojecttvos
261 979 468 1041 sensationis.

100 1059 166 1120 233.
183 1091 222 1100 -
238 1057 405 1118 scholium
425 1060 462 1120 ll.
478 1057 626 1119 Sensatio
651 1062 702 1118 est
715 1074 793 1120 vera
808 1073 983 1136 corporum
1006 1071 1064 1118 ear·

68 1147 225 1200 ternorum
253 1141 432 1214 perceptum
465 1154 542 1198 nam
577 1138 705 1215 species
733 1153 890 1216 expressa
917 1152 985 1199 non
1017 1141 1069 1198 est

71 1217 203 1279 conditio
220 1218 333 1293 praevia
350 1218 392 1279 ad
406 1218 628 1290 sentiendum,
644 1232 708 1279 neo
723 1219 879 1280 terminus
895 1218 1068 1293 abiectioris

70 1303 152 1360 actus
165 1297 343 1373 sentiendi,
360 1298 421 1359 sed
436 1303 486 1358 est
498 1300 570 1374 ipsa
584 1299 668 1360 actio
683 1298 849 1359 sentiendi
864 1295 906 1378 (l)
926 1298 1067 1377 ejusque

71 1379 218 1439 terminus
242 1379 455 1456 subjectivus
483 1380 538 1454 qui
553 1377 642 1438 aliud
667 1379 846 1457 quidquam
873 1395 940 1438 non
955 1383 1007 1439 est
1029 1394 1067 1437 ac

71 1465 152 1521 actus
185 1459 371 1518 immanens
405 1457 580 1520 sentiendi.
618 1460 767 1520 Facultas
802 1461 889 1520 enim
928 1458 1069 1519 vitaliter

70 1554 162 1617 agens
186 1553 223 1596 se
248 1539 414 1600 constituit
437 1535 727 1614 aetuspeoutorem
746 1541 794 1600 rei
809 1538 1065 1615 expressionem.

72 1616 196 1694 Quando
223 1618 392 1698 objectum
414 1618 545 1680 videtur
567 1617 599 1681 in
615 1619 764 1696 speculo,
780 1620 859 1680 visio
869 1618 1068 1679 'terminatur

71 1699 106 1759 ad
129 1700 238 1774 ipsum
266 1697 445 1777 objectum,
477 1704 510 1758 et
537 1699 624 1760 istud
650 1697 780 1760 videtur
807 1701 840 1759 in
869 1699 979 1774 seipso
1007 1715 1069 1776 per

71 1781 205 1856 speeiem
219 1792 238 1834 a
253 1779 389 1855 speculo
405 1777 561 1839 reflexam
575 1777 628 1856 (2).

103 1860 166 1919 234.
193 1889 232 1898 -
258 1858 491 1920 corollarium.
517 1859 548 1917 Si
572 1859 725 1934 superius
749 1856 835 1918 diota
860 1855 901 1918 de
923 1856 1068 1918 unitione

72 1941 170 2000 animae
186 1953 262 2001 oum
277 1953 415 2016 corpore
430 1954 668 2014 componamus
684 1954 758 1999 oum
781 1937 932 2014 praesenti
955 1936 1066 2013 dispu-

71 2021 192 2091 tatione,
214 2019 324 2096 colligi
343 2021 450 2095 potest
473 2021 679 2080 sensationes
702 2021 736 2080 in
760 2018 899 2094 propriis
914 2017 1070 2078 sensoriis

72 2098 179 2176 perfioi.
199 2099 413 2161 Recentiores
434 2097 631 2175 philosophi,
658 2102 733 2176 post
757 2097 950 2169 Genesium,
963 2113 1068 2175 gene·

72 2183 149 2240 ratim
165 2178 288 2240 docent
302 2177 507 2239 sensationes
522 2181 556 2238 in
570 2178 640 2238 solo
657 2178 794 2238 oerehro
810 2178 930 2255 patrari
945 2175 1005 2256 (cf.
1031 2179 1067 2248 ll,

75 2261 141 2336 127).
157 2261 191 2320 ln
213 2274 327 2320 eorum
344 2258 509 2318 sententia
526 2258 689 2335 imagines
703 2274 811 2317 rerum
837 2256 880 2317 ad
899 2257 1071 2318 cerebrum

72 2355 164 2418 usque
180 2339 304 2400 deferri
323 2338 495 2411 deberent,
519 2340 554 2399 in
580 2354 645 2415 quo
671 2337 794 2398 residet
818 2339 963 2410 animus;
979 2339 1071 2398 nervi

74 2420 221 2481 hahentur
236 2422 273 2479 ut
288 2417 398 2479 media
413 2419 532 2495 quihus
549 2417 712 2496 ejusmodi
727 2420 858 2494 speeies
872 2419 1068 2479 intentiona-

72 2501 113 2560 les
136 2503 178 2562 ita
206 2499 463 2560 transvehuntur
489 2505 525 2558 ut
551 2500 658 2558 animo
687 2499 749 2575 ipsi
776 2501 954 2575 praesentes
980 2497 1069 2558 fiant.

74 2580 192 2640 Falsitas
206 2579 307 2660 hujus
322 2578 518 2654 opinationis
529 2579 598 2656 jam
613 2582 705 2654 patet
720 2596 761 2639 ex
774 2581 844 2654 ipso
867 2578 1072 2639 eonscientiae

75 2660 245 2720 testimonio
272 2657 362 2736 quod
385 2660 551 2719 renuntiat
574 2673 636 2719 nos
660 2659 764 2719 oculis
786 2658 911 2731 videre,
937 2658 1071 2719 auribus

75 2739 186 2810 audire,
203 2743 282 2811 eto,
310 2742 343 2799 et
365 2754 437 2798 rem
461 2742 630 2800 externam
653 2743 786 2816 proprie
810 2755 911 2799 sensu
933 2739 1071 2816 percipi,

74 2837 130 2880 non
142 2824 252 2881 autem
266 2819 300 2880 in
316 2819 425 2896 aliqua
437 2819 595 2894 imagine.
612 2817 772 2880 Praeterea
791 2821 900 2898 imago
917 2820 1071 2892 colorata,

73 2917 97 2960 v.
124 2917 168 2979 g,
200 2900 331 2976 quae‘in
365 2897 472 2960 retina
502 2897 703 2977 depingitur,
727 2901 843 2976 nequit
864 2897 1010 2975 proiecto
1038 2902 1073 2962 in

75 2981 236 3120 gerebrum
262 2975 394 3052 deferri,
419 2978 509 3056 quod
535 2985 584 3040 est
606 2980 705 3056 plane
729 2981 918 3053 obscurum,
943 2983 981 3040 ut
1003 2980 1074 3060 jam

92 3075 213 3122 nimus

100 3190 129 3252 (ll
150 3191 225 3240 Juxta
250 3187 408 3253 cajetanum,
432 3188 592 3260 Capreolurn.
617 3192 677 3250 eta,
700 3157 803 3239 idolum
823 3203 876 3237 non
895 3193 936 3259 est
950 3191 1077 3241 terminus

75 3251 207 3323 provincius,
222 3251 268 3323 sed
282 3251 412 3323 speculum
428 3255 454 3299 et
467 3265 552 3315 imago
566 3265 594 3299 m
607 3266 656 3322 qua
680 3265 721 3301 res
743 3253 799 3316 ipsa
819 3254 995 3315 cognoscum
1019 3269 1077 3316 qnae

75 3313 166 3427 {ealgtgg
174 3315 345 3438 ssffnngffltm'
359 3312 391 3363 ab
404 3318 464 3362 actu
480 3313 650 3376 cognoscendi
664 3313 782 3375 (suarem
794 3315 826 3362 oe
839 3313 930 3363 anim.
945 3311 964 3363 l.
973 3314 997 3377 3,
1011 3331 1034 3364 ο.
1050 3317 1077 3377 5,
1141 3327 1146 3334 ’

77 3474 142 3595 a¹(22);
152 3473 254 3585 {perirem
270 3473 303 3520 de
317 3473 428 3532 Animo,
443 3471 463 3520 l.
477 3471 501 3532 3,
518 3488 541 3522 c.
556 3472 582 3533 2,
597 3487 623 3522 n.
640 3471 669 3520 tl
682 3475 708 3520 et
723 3472 766 3533 153
782 3472 819 3524 Cf.
834 3472 863 3527 S.
880 3473 941 3536 rh,
955 3475 982 3524 1.
997 3490 1025 3540 q.
1036 3475 1075 3526 85.
