2642 4209
459 290 862 335 METAPHYSIGA
903 289 1216 335 spncmms.
1249 307 1325 318 -—-
1356 291 1786 357 psvcnoLoc-m.
2036 266 2156 334 145

130 409 624 472 fundamentum
668 413 734 469 et
777 407 972 468 cardo
1000 409 1198 470 totius
1237 408 1661 487 philosophiae
1706 411 1771 467 et
1797 405 2148 486 theologiae

134 491 554 554 scholasticae.

204 570 576 640 Quaestiom‘s
618 569 843 628 status.
888 568 960 627 In
1007 567 1274 629 homine
1323 568 1569 645 duplex
1613 564 1923 644 distingui
1952 566 2156 626 dehet

133 649 280 711 ordo
347 647 817 727 cognitionum,
882 662 1156 724 quarum
1199 649 1341 710 aliae
1389 653 1731 710 versantur
1776 649 1940 706 circa
1996 662 2152 706 cun*

140 735 303 791 creta
373 742 713 804 corporea,
762 730 836 786 ut
905 734 1206 789 concreta
1258 734 1429 801 sunt,
1496 730 1691 805 atque
1724 743 1802 787 ea
1860 722 2156 786 referunt

137 825 270 870 cum
345 806 762 885 qualitatibus
825 808 1275 881 sensibilibus;
1366 809 1508 868 aliae
1592 823 1747 868 vero
1815 814 2156 867 vereantur

140 892 296 949 circa
361 884 756 948 universalia
809 890 875 945 et
938 887 1280 961 abstracta,
1353 903 1504 965 quae
1566 903 1604 946 a
1675 885 2156 947 conditionibus

137 967 426 1029 omnibus
467 964 1026 1027 individuantibus
1067 967 1520 1043 praescindunt
1541 965 1674 1046 (21;
1723 966 1793 1036 ΙΙ,
1848 966 2004 1042 184).
2052 966 2156 1026 Sic.

135 1050 317 1108 homo
358 1061 496 1107 non
539 1044 737 1106 modo
784 1049 1125 1123 cognoscit
1192 1048 1318 1108 hoc
1375 1047 1766 1124 triangulum
1829 1046 1896 1106 in
1944 1046 2156 1106 charta

140 1127 549 1197 delineatum,
594 1125 772 1186 hunc
813 1124 1149 1187 hominem
1187 1128 1477 1198 Petrum,
1520 1127 1648 1187 hoc
1691 1125 1948 1190 animal,
1996 1134 2152 1198 ete,

138 1223 352 1269 verum
384 1206 570 1267 etiam
623 1209 962 1282 cognoscit
1003 1206 1396 1286 triangulum
1438 1208 1506 1268 in
1556 1220 1825 1285 genere,
1856 1205 2156 1266 humani-

139 1291 346 1358 tatem,
385 1285 846 1346 animalitatem
885 1289 1012 1346 etc.
1052 1286 1264 1347 Prima
1293 1284 1579 1367 cognitio
1614 1286 1806 1346 etiam
1846 1286 2160 1362 competit

141 1366 356 1434 brutis,
402 1371 468 1425 et
511 1363 752 1424 exinde
811 1365 949 1426 vim⁴
986 1367 1363 1428 sensitivam
1402 1382 1536 1428 non
1584 1366 2152 1445 praetergreditur;

141 1448 250 1506 alia
292 1459 441 1523 quae
466 1445 749 1522 propria
777 1451 877 1504 est
915 1444 1197 1507 hominis
1228 1452 1295 1507 et
1338 1447 1705 1525 spirituum,
1743 1449 1842 1506 est
1874 1446 2160 1522 cognitio

141 1524 607 1594 intellectualis,
642 1523 831 1601 cujus
874 1524 1210 1602 obiectum
1241 1530 1344 1587 est
1369 1525 1761 1588 universale.
1814 1554 1817 1557 ·

214 1606 323 1665 Hic
353 1619 512 1681 ergo
560 1609 867 1680 quaerunt
908 1605 1282 1684 philosophi
1306 1605 1637 1684 quomodo
1663 1620 1855 1665 mens
1887 1618 2160 1682 cognus-

148 1691 236 1745 cat
316 1684 727 1755 universalia,
800 1687 1195 1759 necessaria,
1257 1686 1700 1757 immutabilia,
1793 1687 1948 1758 etc.,
2012 1686 2164 1742 licet

145 1766 277 1841 ipsa
317 1770 384 1824 et
424 1779 532 1824 res
575 1778 810 1823 omnes
872 1780 1149 1841 quarum
1205 1767 1673 1842 experientiam
1728 1765 1948 1834 habet,
2036 1762 2164 1822 sint

149 1844 523 1921 singulareS,
600 1843 1086 1920 contingentes,
1146 1847 1520 1917 mutabileS,
1596 1847 1765 1904 etc.?
1820 1842 2160 1918 Quen-ludu

72 1920 77 1928 ’
147 1926 336 2002 igitur
375 1938 567 1983 mens
611 1921 923 1984 devenire
967 1925 1177 1999 possit
1214 1924 1298 1986 ad
1354 1925 1537 1986 ideas
1580 1923 1988 1986 universales
2040 1922 2164 1982 sibi

152 2001 645 2079 comparandas?
684 2004 779 2063 En
819 2005 1099 2080 quaestio
1148 2021 1297 2082 quae
1362 2006 1443 2066 ab
1488 2004 1956 2082 antiquioribus
2000 2006 2164 2066 tem-2

150 2082 406 2162 poribus
447 2082 874 2159 philosophos
917 2091 1215 2162 occupat.
1802 2110 1807 2116 ·

217 2163 354 2222 242.
400 2162 841 2223 —Distinctio
884 2162 1031 2224 haec
1070 2164 1521 2225 sensationum
1545 2167 1612 2223 et
1634 2162 1926 2223 idearum
1956 2166 2160 2222 nenii-

151 2258 296 2302 nem
363 2241 476 2317 qui
543 2247 845 2302 accurate
926 2242 1095 2305 facta
1157 2246 1414 2304 interna
1488 2242 1861 2321 perpendit,
1927 2238 2160 2318 fugere

152 2326 374 2396 potest.
403 2321 558 2396 Quis
583 2322 758 2381 enim
785 2322 852 2381 in
876 2321 1224 2383 discrimen
1247 2339 1562 2384 revocare
1593 2328 1818 2398 posset
1838 2323 2052 2382 homin
2064 2338 2164 2382 em

151 2401 385 2460 haber-e
445 2400 631 2461 ideas
700 2402 1129 2474 universales,
1197 2419 1347 2481 quae
1432 2403 1733 2463 omnibus
1812 2399 2164 2462 individuis

155 2478 438 2558 ejusdem
484 2479 731 2556 speciei
776 2483 1193 2556 conveniunt,
1262 2488 1329 2544 et
1384 2482 1573 2542 simul
1634 2485 1713 2542 ab
1763 2497 2168 2558 unoquoque

155 2559 546 2637 singulorum
588 2560 1038 2635 praescindunt
1070 2583 1082 2622 :
1121 2580 1181 2622 v.
1214 2579 1310 2640 g.,
1343 2561 1556 2622 ideam
1591 2560 1909 2640 trianguli,
1956 2558 2168 2622 ideam

154 2638 441 2709 hominis,
489 2637 702 2699 ideam
746 2642 1056 2714 animaliS,
1105 2645 1278 2703 etc.?
1347 2642 1495 2701 Istae
1539 2641 1701 2702 ideae
1744 2641 2044 2702 omnihus,
2092 2674 2168 2686 —-

156 2723 257 2779 aut
315 2719 650 2795 triangulis
705 2752 783 2761 —
844 2724 953 2780 aut
1006 2722 1396 2794 hominibuS,
1441 2755 1521 2764 —
1563 2720 1960 2794 animalibus„
2012 2726 2168 2794 eta,

160 2799 577 2858 existentibus
647 2802 712 2859 et
764 2799 1182 2874 possibilibus
1223 2802 1641 2870 conveniunt,
1688 2797 1972 2876 ideoque
2024 2808 2172 2862 eunt

157 2877 569 2938 universales.
637 2877 1056 2940 Praesentiam
1118 2881 1186 2941 in
1246 2882 1440 2942 nobis
1514 2879 1838 2960 ejusmodi
1878 2879 2168 2942 idearum.

162 2960 325 3018 clare
369 2965 436 3017 et
463 2955 732 3018 indubie
775 2961 1120 3021 renunciat
1141 2962 1568 3022 conscientia.

231 3037 546 3098 Praeterea
606 3053 744 3098 non
806 3041 1018 3100 minus
1082 3040 1352 3102 evidens
1418 3046 1517 3100 est
1575 3055 1697 3101 nos
1757 3055 1881 3117 per
1940 3054 2172 3098 aeneus

164 3132 558 3194 cognoscere
599 3117 961 3191 individua,
1007 3136 1067 3179 v.
1114 3137 1210 3198 g.,
1255 3122 1373 3180 hoc
1417 3120 1807 3197 triangulum
1851 3118 2040 3180 lineis
2084 3118 2172 3178 al-

159 3197 253 3258 bis
294 3195 715 3269 delineatum,
760 3199 930 3271 hunc
969 3199 1300 3268 hominem,
1325 3201 1613 3271 Petrum,
1652 3203 1812 3272 etc.;
1849 3198 2176 3278 ejueffludi

161 3277 614 3353 perceptiones
687 3279 1032 3339 sensibiles
1076 3281 1195 3341 soli
1239 3280 1575 3342 individuo
1624 3283 1885 3356 cognito
1932 3294 2172 3338 cenve-

162 3357 358 3416 niunt.
408 3355 584 3417 Ordo
626 3356 828 3434 igitur
866 3358 1163 3420 idearum
1207 3364 1309 3420 est
1360 3361 1557 3436 plane
1604 3357 1900 3420 diversus
1944 3358 2020 3418 ab
2068 3374 2176 3418 er-

165 3435 307 3497 dine
349 3435 824 3510 sensationum,
886 3441 1018 3500 imo
1089 3441 1189 3500 est
1248 3440 1371 3499 isto
1416 3441 1616 3516 longe
1673 3439 1976 3500 nobilior.
2024 3438 2180 3498 Hinc

165 3530 451 3592 praesens
496 3516 774 3592 quaestio
819 3531 954 3578 non
995 3523 1094 3579 est
1139 3518 1222 3579 de
1265 3520 1558 3587 nomine,
1604 3517 1725 3579 sed
1770 3519 1853 3579 de
1896 3534 1992 3590 re,
2028 3534 2180 3578 nec*

164 3609 291 3658 non
327 3599 627 3656 versatur
671 3596 838 3655 circa
882 3598 1270 3659 nobiliorem
1311 3599 1590 3658 hominis
1635 3597 2116 3661 operationem.

239 3676 376 3736 Jam
401 3691 558 3738 vero
589 3677 665 3736 ut
691 3675 1088 3752 Ideoloqiam
1109 3676 1409 3740 ordinate
1447 3678 1936 3759 aggrediamur,
1976 3678 2028 3734 1⁴²
2060 3694 2176 3738 na-

815 3771 978 3822 BnEv.
1009 3773 1156 3822 Pmr..
1187 3774 1248 3824 T.
1275 3774 1343 3822 ΙΙ.
1364 3799 1429 3813 --
1456 3773 1532 3824 10.
