2642 4209
242 275 281 337 58
544 293 726 341 suavitatum
746 296 952 340 ramosormn

240 410 397 487 pertinet,
422 424 463 469 ex
484 408 661 470 intrinseca
695 424 755 470 sua
785 408 1004 486 perfectione,
1033 408 1077 471 ad
1104 412 1270 472 unionem

200 519 203 527 =
242 504 314 548 cum
335 488 405 549 Deo
432 490 642 565 quiddituttue
665 493 807 568 sumpto,
826 489 978 551 nimirum
1000 494 1140 567 accepto
1165 493 1271 567 prout

240 570 275 628 tu
288 582 321 628 sa
337 572 397 628 est.

278 648 312 707 2⁰
331 646 393 706 Per
413 644 563 719 ordinem
597 646 769 726 physicum
791 647 845 709 ille
879 647 1073 726 intelligitur
1104 663 1173 725 quo
1206 663 1266 707 res

240 727 427 787 materiales
462 724 505 785 ad
542 728 651 789 certos
678 726 838 803 quosdam
861 728 1001 789 efiectus
1027 725 1267 803 disponuntur,

241 806 297 883 qui
322 804 463 881 proinde
480 810 529 865 est
548 804 630 865 ordo
654 804 881 878 intermedius,
906 806 1004 869 finem
1028 822 1126 867 suum
1150 809 1267 883 proxi·
1309 809 1311 886 ξ

240 900 328 945 mum
350 886 464 961 utique
486 884 625 959 habens,
642 883 705 945 sed
724 882 781 946 fini
794 887 907 948 ultimo
929 885 1027 965 hujus
1052 884 1167 947 mundi
1191 885 1267 948 evi-
1309 921 1311 975 Ι

242 962 361 1025 denter
374 965 635 1026 subordinatum.

279 1045 454 1104 Probatur.
483 1076 523 1089 -
549 1043 740 1106 Miraculum
765 1046 795 1105 l⁰
823 1043 1073 1122 derogationem
1100 1043 1264 1119 importat
1309 1113 1310 1118 ἵ

239 1123 369 1201 legibus
390 1123 545 1203 physicis,
568 1136 702 1183 necnon
721 1124 753 1183 2⁰
775 1120 818 1183 ad
839 1124 987 1186 ordinem
1018 1128 1261 1200 supernatura·

238 1204 306 1264 lem
328 1205 493 1265 entitative
508 1202 663 1279 pertinet.
678 1203 779 1279 Atqui
795 1205 824 1264 κ’
839 1202 1008 1282 derogatio
1024 1203 1155 1281 legibus
1171 1201 1263 1265 ordi·
1309 1207 1310 1210 ’

238 1282 289 1343 nis
310 1282 437 1362 physici
460 1296 526 1343 non
547 1284 658 1358 potest
678 1283 714 1343 in
736 1282 799 1342 hoc
821 1281 938 1345 ordine
960 1298 1058 1360 quem
1080 1281 1262 1344 manifeste
1309 1307 1310 1312 ¹

134 1402 136 1405 -
236 1361 514 1503 {ratergreditun
546 1376 639 1423 suam
674 1361 834 1424 rationem
871 1360 1091 1423 sufficientem
1117 1362 1259 1425 habere.
1309 1371 1310 1440 ζ

262 1457 336 1502 ro.
1309 1455 1310 1510 ,

277 1459 309 1582 ἕο
332 1520 423 1599 Opus
445 1519 709 1597 supernaturale,
736 1518 828 1597 quod
847 1518 946 1581 finem
969 1520 1261 1599 supernaturalem
1309 1519 1310 1584 t

237 1600 468 1672 nonhaberet,
485 1600 583 1659 etiam
597 1601 724 1665 ratione
744 1597 919 1661 sufficienti
946 1604 1035 1663 certo
1058 1604 1199 1668 careret,
1222 1604 1261 1660 et
1309 1601 1310 1674 l

237 1680 360 1743 idcirco
381 1678 604 1740 irrationabile
640 1687 729 1743 esset
759 1698 766 1739 ε
797 1678 870 1741 finis
891 1681 979 1741 enim
1010 1680 1066 1757 qui
1096 1684 1260 1756 respectu
1309 1677 1310 1758 ᾗ

238 1761 347 1836 operis
369 1757 460 1835 quod
482 1755 691 1828 determinat,
713 1764 802 1821 esset
815 1759 938 1819 ordinis
952 1760 1053 1836 longe
1069 1757 1257 1832 deterioris,
1309 1763 1310 1796 ³

237 1840 337 1900 stulte
360 1836 535 1899 admodum
556 1840 594 1897 ut
616 1852 696 1898 vera
711 1854 810 1900 causa
828 1838 945 1911 llnalis,
969 1840 1097 1900 seilicet
1121 1844 1159 1900 ut
1180 1836 1258 1900 finis

238 1920 444 1981 extrinsecus
478 1917 643 1995 operantis
679 1916 762 1996 (419,
800 1916 855 1996 3⁰),
896 1922 1130 1980 assumeretur.
1165 1920 1257 1981 Ero

237 1997 384 2059 miraculi
405 2012 505 2059 causa
517 1995 623 2059 finalis
643 1996 758 2060 ultima
778 2012 847 2060 non
867 2000 979 2074 potest
999 2013 1075 2060 esse
1089 1997 1151 2062 uisi
1166 2014 1205 2058 or
1232 2000 1257 2043 ‘-

233 2078 290 2139 nis
312 2076 582 2155 supernaturalis.

277 2157 328 2220 97.
344 2187 383 2201 -
400 2156 633 2218 Corotturr'uru.
664 2158 744 2217 Hinc
763 2157 920 2219 miracula
942 2154 985 2217 ad
1013 2157 1073 2218 Dei
1101 2158 1254 2235 gloriam,
1310 2133 1312 2230 l

237 2240 393 2313 tanquam
409 2233 452 2296 ad
473 2234 570 2296 finem
594 2236 794 2311 primarium,
809 2235 1024 2297 reducuntur.
1041 2238 1159 2297 Verum
1178 2235 1256 2298 finis
1310 2233 1312 2316 l

236 2315 454 2377 secundarius
487 2315 723 2377 miraculorum
756 2319 868 2391 potest
901 2332 976 2376 esse
1012 2315 1254 2378 commendatio
1310 2325 1312 2378 t

235 2395 431 2468 sanctitatis,
455 2392 617 2457 beneficia
640 2393 737 2456 animi
761 2400 794 2455 et
816 2396 971 2471 eorporis.
1210 2418 1213 2423 ·
1309 2397 1312 2474 ξ

273 2475 324 2537 98.
347 2508 387 2519 -
412 2472 591 2535 Schotiuru.
621 2473 774 2536 Miracula
797 2474 978 2553 generatim
1012 2479 1090 2535 sunt
1120 2474 1253 2555 signum
1310 2497 1311 2522 ;

236 2570 302 2631 quo
318 2553 577 2632 supernaturalis
589 2551 738 2615 doctrina
753 2552 972 2628 confirmatur,
987 2577 1001 2607 ι
1018 2555 1106 2632 quia,
1121 2560 1158 2615 ut
1173 2553 1255 2616 dicit
1310 2547 1312 2610 l

236 2634 268 2693 S.
291 2633 442 2705 Thomas,
466 2649 537 2709 quae
559 2636 636 2692 sunt
658 2632 749 2705 fidei,
770 2634 946 2694 humanam
970 2634 1131 2696 rationem
1156 2649 1255 2695 exce·
1310 2613 1311 2678 l

237 2711 335 2781 dunt;
356 2726 424 2772 non
439 2716 578 2787 possunt
601 2728 660 2789 per
683 2713 828 2774 rationes
845 2713 1008 2775 humanas
1031 2713 1172 2789 probari,
1191 2713 1254 2774 sed

236 2795 367 2869 oportet
391 2789 481 2867 quod
505 2790 690 2863 probentur
712 2808 773 2869 per
794 2796 1026 2870 argumentum
1049 2790 1163 2855 divinae
1184 2794 1251 2855 vir·
1310 2815 1311 2864 t

236 2872 314 2932 tutis
331 2894 360 2931 ».
384 2870 448 2931 Per
468 2869 605 2932 effectus
627 2873 896 2949 supernaturales
913 2871 947 2933 in
971 2872 1115 2949 aliquam
1137 2888 1252 2949 super·
1310 2867 1311 2962 l

234 2948 418 3011 naturalem
434 2950 660 3029 cognitionem
681 2951 925 3014 credendorum
949 2952 1045 3013 homo
1069 2951 1248 3014 inducitur.
1310 2967 1311 3008 ἕ

274 3028 326 3092 99.
341 3062 382 3073 -
401 3030 437 3091 11.
461 3033 508 3091 De
531 3028 772 3091 miraculorum
797 3032 980 3108 peceribus.
1003 3032 1168 3100 Miracula,
1190 3049 1250 3109 pro
1310 3033 1311 3080 ἶ

235 3107 364 3171 diverso
386 3107 484 3170 modo
508 3124 573 3187 quo
587 3106 779 3172 facultatem
799 3115 922 3171 naturae
940 3110 1249 3190 supergrediuntur,

110 3226 113 3231 -
234 3186 277 3249 ad
293 3188 411 3265 triplex
432 3204 543 3266 genus
558 3190 705 3251 revocari
719 3191 828 3252 solent
842 3207 861 3250 a
873 3190 1060 3268 Theologis.

163 3286 166 3291 ·
276 3268 305 3329 1ο
316 3265 470 3342 Quadam
482 3268 641 3330 miracula
655 3267 807 3331 ordinem
820 3273 944 3331 natura
959 3267 1126 3340 excedunt
1141 3270 1251 3347 quoad

231 3346 318 3423 sueti
328 3347 542 3409 substanttam
556 3368 566 3407 :
580 3364 611 3411 v.
629 3344 677 3425 g„
693 3349 863 3426 replicatio
880 3347 1020 3428 alicujus
1042 3350 1200 3425 corporis.

230 3488 233 3494 ,
275 3427 307 3487 2⁰
334 3426 403 3486 Alia
424 3432 546 3487 naturae
559 3425 750 3488 facultatem
771 3432 939 3505 superant,
960 3444 1028 3491 uon
1050 3428 1162 3505 quoad
1174 3426 1251 3490 facti

108 3572 111 3575 ,
132 3562 144 3579 ,Ν
172 3570 173 3573 ¹
233 3504 463 3576 substantiam,
486 3506 547 3567 sed
569 3506 681 3583 quoad
700 3508 878 3584 subjectum
897 3510 931 3569 in
950 3524 1016 3585 quo
1030 3506 1114 3569 fiunt
1130 3528 1137 3568 ε
1153 3525 1184 3569 v.
1201 3524 1248 3587 g,

106 3588 175 3669 εἰς)
206 3582 433 3665 [resurrectio
456 3584 592 3661 alicujus
613 3584 763 3647 hominis.
787 3588 859 3650 Vita
874 3587 962 3647 enim
979 3603 1041 3664 per
1061 3589 1247 3667 generatio·

207 3670 210 3679 ²
231 3674 315 3725 nem
335 3663 568 3726 communicari
582 3670 703 3741 potest,
721 3668 754 3726 et
770 3663 890 3727 exinde
905 3667 1158 3730 communicatio
1178 3667 1249 3730 vita
