2642 4209
232 247 292 311 264
488 253 492 259 ’
535 266 715 310 enarrantur
735 264 937 309 ruinosormre

232 394 299 451 quac
313 394 361 435 me
375 379 462 435 docet
476 378 697 434 distinctionem
712 378 837 447 subJ'ecti
858 382 888 435 et
903 379 1018 449 objecti,
1036 390 1157 447 -pro-

230 452 327 521 priam
341 450 594 521 personalitatem,
609 453 640 505 et
651 478 684 491 -
694 450 914 523 libertatem,-
928 454 993 505 tum
1008 452 1155 517 externae,

232 536 300 591 quae
313 521 431 577 exhibet
441 536 545 576 rerum
555 520 771 576 diversitatem.
782 522 875 577 Porro
886 524 949 577 haec
959 521 1056 575 omnia
1067 521 1157 587 negat

230 594 445 663 pantheismus
463 593 513 663 qui
527 593 619 652 etiam
633 596 664 646 2ο
679 592 788 646 rationi
806 594 981 655 reluctatur,
998 606 1066 660 quae
1084 603 1155 659 pro-

231 662 334 719 fitetur
352 663 463 734 aliquid
478 667 537 718 n‘on
560 662 647 732 posse
671 662 760 717 simul
782 678 850 721 esse
866 662 984 719 finitum
992 665 1030 721 {et
1053 660 1155 715 infini-

231 737 307 805 tum,
336 763 371 775 -
403 737 493 803 atque
518 734 625 803 probat
655 733 799 788 mundum
826 748 892 789 esse
922 734 1154 802 contingentem,

231 834 266 847 -
293 806 404 860 bonum
430 804 539 859 amalo
553 803 707 875 distingui,
734 807 795 876 otc;
814 820 887 876 ¹(puae
902 806 947 861 tot
970 805 1155 875 constituunt
1206 823 1209 830 ¹

231 876 376 931 veritates
390 891 406 929 a
421 876 607 945 panthelsmo
631 889 761 929 eversas.
812 898 814 903 v
888 904 890 907 ·
917 880 919 887 ’
985 901 1011 915 =-
1052 884 1101 919 -z‘2

266 949 385 1002 Transis.
401 948 431 1000 ll.
450 945 678 1001 Partheismus
703 944 797 1001 realis
820 960 915 1017 quem
938 944 1057 999 struxit
1078 942 1154 1013 Spi-

231 1031 319 1084 uosa,
350 1020 463 1088 preter
492 1016 663 1071 recensitas
687 1016 907 1089 absurditates,
930 1016 1155 1087 patentissimo
1180 1056 1182 1061 .

230 1088 351 1143 nititur
369 1089 613 1168 aequivocatione
633 1091 663 1141 et
680 1089 836 1158 politicae
850 1087 1024 1159 principii.
1051 1088 1080 1142 1⁰
1104 1086 1155 1140 Est

230 1159 437 1229 aequivocatio,
463 1161 610 1227 quatenus
633 1159 665 1212 in
691 1157 862 1214 definitione
885 1158 1069 1228 substantiae,
1094 1170 1153 1210 von

229 1244 288 1299 per
301 1244 333 1284 se
348 1228 494 1298 significat
513 1229 601 1283 simul
615 1230 695 1299 quod
716 1233 838 1284 nonest
862 1230 899 1283 io
923 1229 998 1294 atio,
1022 1233 1052 1281 et
1076 1226 1156 1297 quod

231 1315 289 1355 non
312 1302 358 1354 θεῖ
378 1300 415 1354 ab
435 1300 516 1362 alio;
540 1304 570 1354 2⁰
590 1303 638 1355 θεῖ
655 1300 760 1369 petitio
779 1300 928 1371 principii,
954 1301 1101 1369 quatenus
1126 1298 1154 1351 vi

228 1372 319 1497 {liujus
334 1369 513 1433 definitionis
528 1369 795 1441 affirmatspinosa
809 1372 925 1425 unicam
939 1384 1005 1425 θεεθ
1020 1369 1155 1447 auliaten-

253 1456 311 1497 am.

264 1516 384 1568 Tussis.
400 1512 442 1567 lll.
459 1510 686 1571 Pentheismus
700 1510 814 1567 idealis
836 1515 881 1567 est
902 1511 1092 1567 arbitrarius
1117 1511 1154 1564 iu

227 1583 339 1654 princi
364 1582 406 1636 iia
429 1582 546 1652 quibua
569 1582 729 1637 inuititur
742 1598 868 1639 uacuou
887 1582 1067 1654 pupuautta
1079 1597 1154 1653 per-

227 1658 325 1726 petuo
338 1597 493 1723 firmitur.

267 1726 295 1779 l0
318 1724 466 1794 Principia
489 1725 560 1779 sunt
584 1723 743 1778 arbitraria
768 1726 891 1794 :agitur
905 1724 983 1779 enim
999 1722 1035 1778 de
1050 1723 1153 1793 acqui-

229 1795 322 1851 renda
335 1796 506 1850 immediata
519 1794 647 1849 absoluti
662 1794 785 1850 scientia
808 1810 862 1866 per
885 1796 1080 1850 remotionem
1099 1809 1154 1848 cu-

226 1866 350 1936 juslibet
370 1866 560 1935 experientiae
582 1866 631 1920 vel
646 1865 737 1920 etiam
751 1864 826 1921 ideae
839 1866 1009 1937 primitivae,
1026 1868 1079 1919 aut
1094 1880 1148 1919 cu-

225 1937 324 2007 jusvis
337 1936 468 1991 notionis
481 1935 693 2006 primordialis,
709 1940 739 1991 2⁰
754 1938 963 1991 conclusiones
986 1940 1056 1991 sunt
1080 1949 1152 1991 con-

228 2006 411 2062 tradictoriae
428 2007 561 2061 :etenim
580 2006 749 2062 absolutum
769 2010 816 2063 est
840 2008 926 2062 simul
949 2006 1099 2061 infinitum
1122 2010 1152 2062 et

227 2080 328 2133 tamen
359 2079 505 2148 perpetuo
533 2076 717 2133 incremento
745 2078 920 2151 obnoxium3
950 2106 984 2119 —
1013 2091 1079 2132 esse
1107 2080 1153 2132 θεῖ

228 2148 364 2219 nihilum,
387 2177 421 2190 -
444 2151 522 2204 Deus
545 2162 605 2203 non
630 2151 687 2219 est,
712 2151 865 2205 ettamen
888 2153 934 2205 cst
956 2149 1024 2203 fons
1055 2148 1152 2203 omnis

226 2220 457 2291 realitatis3etc.

367 2303 431 2391 Sil.
446 2322 572 2380 Mundus
582 2338 599 2380 a
611 2325 671 2379 Deo
685 2324 821 2417 procedit
835 2340 890 2396 per
905 2324 1097 2381 creationem.

262 2440 389 2495 Mundus
403 2453 421 2493 a
434 2441 494 2494 Deo
511 2438 648 2509 procedit
666 2468 701 2479 —-
723 2452 779 2509 per
801 2442 1000 2513 creationem,
1016 2452 1083 2511 quae
1106 2443 1152 2495 est

226 2512 342 2567 effectio
371 2511 448 2565 entis
476 2524 513 2565 ex
542 2510 643 2564 nihilo.
674 2511 789 2565 creatio
817 2514 864 2567 esi
890 2512 939 2566 vel
971 2514 1073 2567 activa
1101 2510 1151 2565 vel

224 2582 352 2653 passive
368 2600 376 2635 :
390 2582 486 2651 prima
501 2582 547 2634 θεῖ
561 2581 663 2635 volitio
678 2582 728 2636 Dei
743 2580 857 2653 efficax,
873 2582 966 2637 altera
980 2585 1151 2638 estcreatu·

226 2667 261 2708 ra
275 2668 311 2707 ex
325 2653 416 2707 nihilo
430 2650 584 2721 producta.
597 2652 712 2707 creatio
727 2655 773 2707 est
791 2654 897 2709 relatio
911 2653 1014 2709 mixta.

261 2726 382 2778 THEsls.
405 2723 427 2778 l.
453 2722 535 2777 Deus
553 2736 658 2777 creare
672 2725 784 2793 potest.
800 2725 877 2779 Deus
891 2727 938 2779 esi
951 2725 1048 2794 prima
1062 2737 1150 2778 causa

226 2793 371 2865 efficiens;
388 2793 470 2863 atqui
483 2793 613 2863 primum
628 2791 758 2849 efficiens
773 2793 854 2850 nullo
869 2795 926 2849 alio
950 2797 1150 2850 concurrente

225 2864 381 2921 evidenter
393 2864 493 2933 potest
506 2864 623 2933 operari
637 2863 675 2919 ad
689 2865 783 2919 extra.
800 2867 876 2935 Ergo
890 2867 989 2937 potest
1003 2879 1114 2921 creare.

260 2938 371 2990 Transis
393 2936 425 2989 11.
445 2933 497 2989 Ad
516 2934 691 2990 creandum
707 2935 885 3005 requiritur
895 2937 988 3007 juxta
1001 2936 1149 3007 probabi-

228 3005 341 3061 liorem
355 3006 556 3069 seutentiam,
573 3008 677 3061 oirtus
691 3006 824 3075 infinite
838 3008 964 3077 aperuit,
985 3011 1014 3063 et
1028 3006 1151 3063 ideirco

224 3079 268 3131 vis
282 3075 413 3132 creandi
427 3076 581 3131 creaturis
595 3080 827 3132 communicari
841 3079 962 3148 aequit.
978 3108 1014 3118 -
1033 3079 1150 3134 creatio

225 3161 367 3217 superare
389 3146 476 3202 debet
499 3145 670 3202 distantiam
688 3146 833 3204 infinitam
857 3148 941 3204 inter'
954 3164 1021 3204 uou
1040 3164 1104 3205 esse
1118 3153 1150 3205 et

224 3233 302 3290 esse3
319 3220 409 3288 atque
423 3217 453 3273 id
467 3219 635 3287 expostula-t
650 3217 713 3273 vim
726 3218 879 3274 infinitam.
896 3222 981 3290 Ergo.
1008 3249 1042 3261 -
1065 3222 1149 3277 Prae-

224 3292 308 3344 terea
322 3287 433 3343 creatio
457 3290 504 3344 est
518 3288 708 3344 nobilissima·
725 3291 812 3361 aetio,
838 3305 904 3360 quae
917 3290 1043 3361 proinde
1058 3306 1075 3347 a
1088 3294 1148 3348 Deo
1177 3318 1178 3321 ¹

223 3359 443 3485 solotexerceri
466 3358 560 3414 decet.
584 3387 619 3401 —
633 3359 737 3416 Schol.
761 3360 848 3417 Ratio
863 3361 1027 3433 apodictica
1041 3376 1077 3421 ex
1090 3363 1149 3419 fide

223 3444 302 3485 sumi
317 3444 363 3485 ur.

258 3502 366 3556 Tussis
379 3500 422 3554 ΙΙΙ.
438 3498 613 3554 AEtcroitas
627 3500 745 3556 muudi
760 3502 959 3558 intrinsecus
978 3507 1145 3575 repupuat.

223 3570 386 3626 Sententiae
403 3568 605 3639 discrepantes
619 3573 698 3625 circa
712 3572 788 3627 hanc
811 3574 930 3629 thesim.
954 3574 1047 3630 Prob.
1071 3577 1092 3629 l.
1118 3575 1148 3631 Si

223 3641 352 3697 mundus
366 3640 446 3695 esset
459 3644 601 3712 aeternus,
616 3639 740 3697 daretur
753 3642 913 3700 multitudo
927 3647 997 3701 actu
1019 3644 1146 3719 infinita,
