2642 4209
232 243 290 303 202
533 263 712 308 annvumuu
731 262 939 307 mnosoruna

233 372 447 438 existentiam,
466 370 611 433 idealem
638 374 691 434 1116
726 375 891 436 introduci
918 390 987 435 non
1014 379 1144 451 posset,
1178 370 1248 449 quia

233 452 408 514 existentia
427 468 636 531 quocumque
659 454 759 515 modo
784 456 988 532 inspectam
1015 460 1093 516 ente
1121 466 1248 517 summe

232 532 378 611 perfecto
395 536 446 591 est
461 532 503 593 de
518 533 644 594 ratione
668 538 848 596 essentiae:
871 551 951 613 ergo
978 536 1074 595 etiam
1098 539 1179 595 actu
1204 537 1249 593 est

234 617 327 673 extra
342 616 499 674 mentem.
770 680 771 687 χ
866 622 872 639 ·

272 695 393 754 Verum
405 692 439 752 id
454 694 536 770 tegit
559 691 788 754 confusionem
806 714 812 756 :
829 692 972 756 fatemur
989 694 1077 755 enim
1098 692 1245 771 negatio·

231 788 307 833 nem
335 772 434 851 hujus
462 773 708 848 propositionis,
738 792 792 835 eus
821 790 944 833 summe
969 774 1152 849 perfectum
1176 777 1245 832 actu

231 854 351 923 existit,
375 852 664 913 contradictionem
681 853 858 930 quamdam
872 854 1035 914 involvere
1063 856 1096 913 et
1118 850 1242 913 scienti-

229 931 292 993 fica
319 932 448 1011 analysi
476 931 628 1011 ejusdem
655 934 887 1009 propositionis
915 932 1119 994 manifestari
1146 948 1242 1008 posse

230 1011 439 1074 identitatem
454 1012 601 1072 attributi
616 1019 649 1072 et
667 1014 824 1092 subjecti;
852 1012 914 1076 sed
938 1016 1014 1073 tunc
1039 1016 1242 1089 assumptum

232 1098 284 1153 est
298 1090 478 1169 propositio
501 1090 656 1169 quaedam
672 1094 840 1169 objectiva,
863 1110 932 1170 qua
948 1092 1136 1170 subjectum
1155 1093 1240 1153 reale

230 1174 397 1248 supponit,
419 1187 457 1231 36
481 1171 620 1248 proinde
644 1172 799 1234 subaudit
822 1172 975 1251 praeviam
1006 1173 1148 1251 subjecti
1179 1177 1241 1233 tan-

231 1268 331 1329 quam
346 1253 516 1311 existentis
536 1253 771 1331 cognitionem,
799 1251 878 1314 dum
902 1262 1135 1330 argumentum
1159 1267 1177 1311 a
1204 1254 1239 1311 si-

229 1332 396 1392 multaneo
413 1332 582 1393 exorditur
595 1348 614 1391 a
628 1349 717 1393 mero
733 1339 891 1407 conceptu.
900 1333 1040 1407 formati
1053 1335 1141 1405 cittis,
1159 1347 1238 1407 pra·

230 1414 298 1472 ciso
322 1412 362 1471 ab
378 1411 467 1476 omni
482 1412 647 1491 objectiva
667 1431 673 1471 :
692 1429 756 1490 quo
775 1428 854 1473 casu
873 1413 974 1473 illatio
999 1412 1107 1487 logica
1131 1417 1237 1473 esset:

228 1508 294 1561 eus,
319 1496 406 1567 quod
427 1494 589 1566 capitatur
612 1499 648 1553 ut
676 1508 801 1554 summe
817 1492 1010 1569 perfectum,
1034 1497 1239 1567 copttutureo

227 1573 370 1710 {plausui
391 1573 547 1646 curisteum
574 1571 720 1648 ideoque
750 1572 970 1649 praedicatum
995 1575 1045 1631 est
1074 1574 1238 1634 existentia

233 1668 244 1709 1
271 1667 311 1710 63
324 1667 362 1710 rs
796 1703 798 1713 .

266 1732 489 1807 AEquivocatio
506 1731 595 1791 enim
614 1730 648 1790 in
671 1746 711 1793 eo
737 1736 788 1791 est
812 1729 901 1808 quod
916 1730 1120 1791 antecedens
1145 1733 1238 1791 ratio-

228 1812 303 1870 cinii
339 1815 489 1871 constare
526 1810 665 1871 deberet
698 1827 789 1871 mero
819 1816 985 1888 conceptu
1018 1810 1157 1878 formali,
1188 1810 1238 1887 qui

228 1888 369 1966 proinde
390 1892 515 1951 realem
544 1892 751 1951 existentiam
785 1891 836 1951 sui
858 1891 979 1969 objecti
1007 1906 1025 1951 a
1054 1890 1152 1966 priori
1176 1906 1237 1951 non

228 1975 441 2045 supponeret,
460 1968 538 2029 dum
553 1987 671 2047 reapse
695 1976 746 2030 est
761 1976 941 2049 conceptus
966 1970 1161 2049 objectivuS,
1182 1986 1236 2029 seu

227 2049 300 2125 ipsa
314 2049 446 2109 realitas
462 2055 623 2127 conceptu
638 2066 805 2126 expressa.

268 2129 304 2187 11.
322 2128 387 2189 Sed
408 2130 570 2207 inquiunt,
589 2133 618 2191 1Ο
633 2132 787 2190 transitus
806 2131 847 2191 ab
878 2129 1050 2189 existentia
1078 2128 1175 2189 ideali
1200 2126 1237 2189 ad

226 2209 352 2269 realem
365 2208 401 2270 fit
415 2212 446 2271 vi
466 2212 570 2284 ipsius
591 2210 789 2287 argumenti,
810 2225 875 2287 quo
893 2208 1078 2270 ostenditur
1105 2210 1235 2268 existan-

140 2351 143 2358 ,
226 2286 306 2347 tiam
320 2304 393 2349 esse
410 2290 452 2351 de
466 2290 593 2350 ratione
610 2291 763 2351 essentiae
776 2292 859 2349 entis
874 2305 1002 2351 summe
1013 2286 1167 2365 periecti3
1185 2304 1237 2348 ens

226 2369 315 2428 enim
328 2367 604 2445 perfectissimum
620 2386 737 2431 omnes
758 2366 991 2446 perfectiones,
1014 2384 1083 2427 non
1106 2384 1234 2445 quomo-

229 2447 417 2526 documque
439 2450 562 2510 habere
588 2447 699 2521 debet,
726 2448 840 2509 sedin
864 2465 992 2509 summo
1016 2448 1136 2526 gradu;
1154 2450 1234 2523 alqui

227 2529 400 2667 eripienda
422 2529 612 2606 simpliciter
630 2546 691 2589 seu
702 2527 940 2603 perfectissima
955 2530 1072 2605 nequit
1087 2542 1153 2589 non
1169 2542 1233 2589 esse

226 2624 283 2668 rea
298 2624 336 2668 rs.

265 2689 383 2749 Verum
396 2686 478 2749 ratio
493 2688 565 2755 haec
588 2690 688 2749 etiarn
709 2686 865 2748 fundatur
884 2703 1003 2764 reapse
1025 2689 1059 2747 in
1082 2690 1235 2762 conceptu

226 2766 388 2845 objectivo
405 2770 489 2828 entis
504 2766 743 2845 perfectissimi,
762 2772 794 2827 et
809 2767 884 2829 ideo
901 2772 967 2829 tota
985 2766 1035 2828 vis
1057 2766 1235 2845 argumenti

225 2849 315 2905 venit
337 2864 376 2908 611
391 2848 500 2925 aliqua
515 2848 697 2908 mutatione
719 2848 923 2925 hypothesis,
949 2852 981 2909 et
994 2848 1074 2906 nihil
1091 2850 1140 2906 est
1154 2845 1234 2905 aliud

224 2942 325 3002 quam
341 2928 453 3003 petitio
469 2928 630 3004 principii.
653 2929 693 2988 Ut
714 2944 812 3003 supra
829 2926 980 2995 diximus,
998 2928 1065 2987 haec
1087 2925 1158 2987 idea
1175 2940 1234 2985 non

224 3012 274 3066 est
300 3006 363 3066 nisi
391 3012 572 3083 conceptus
600 3006 735 3085 quidam
765 3008 926 3077 excultus,
957 3003 1155 3066 scientificus
1186 3005 1234 3082 qui

187 3096 190 3100 ’
221 3090 447 3165 praesupponit
462 3090 685 3164 cognitionem
702 3085 885 3148 distinctam
907 3088 968 3148 Dei
992 3086 1133 3165 ejusque
1153 3087 1233 3148 attri-

224 3166 380 3227 butorum
396 3182 434 3227 ac
449 3166 702 3241 perfectionum.

251 3286 373 3336 Nonnulli
399 3292 514 3335 recentes
527 3287 643 3336 eamdem
657 3286 784 3335 rationem
798 3286 835 3336 sic
858 3291 1003 3351 proponunt
1019 3300 1025 3335 :
1040 3286 1190 3345 Existentia‚
1214 3294 1238 3338 ut

221 3348 363 3411 coneipitur
376 3348 404 3396 in
416 3354 474 3397 ente
488 3349 680 3413 perfectissimo,
696 3349 771 3399 debet
781 3364 835 3398 esse
849 3347 1042 3413 perfectissima,
1053 3348 1160 3413 ideoque
1170 3348 1238 3401 ideali

223 3411 299 3459 debet
313 3410 408 3458 addere
419 3412 523 3459 realem.

221 3531 223 3534 Ι
254 3472 290 3519 At
299 3485 434 3535 perperam
449 3471 602 3533 permiscent
612 3472 729 3521 ordinem
739 3470 847 3520 idealem
858 3487 914 3520 cum
923 3472 1012 3521 ordine
1021 3474 1086 3521 reali
1096 3473 1127 3521 ad
1137 3472 1239 3521 conflan-

224 3532 422 3601 dumqutddam
435 3536 525 3601 totum,
544 3533 612 3596 quod
626 3534 707 3597 majus
720 3540 786 3581 esset
795 3533 908 3597 qualibet
917 3538 998 3598 parte.
1013 3534 1129 3583 Summa
1142 3534 1239 3583 1136661-

225 3592 294 3641 dinis
302 3592 424 3641 1dealiset
433 3594 531 3642 ordinis
543 3595 619 3643 realis
628 3612 643 3643 a
653 3596 717 3645 falso
727 3595 858 3658 utriusque
869 3600 990 3659 conceptu
1001 3595 1110 3644 orditur.
1121 3593 1238 3644 Perfectio

227 3653 296 3701 6111111
307 3653 373 3703 nihil
389 3654 460 3703 aliud
482 3653 605 3719 importat
625 3655 676 3706 nisi
699 3656 764 3707 entis
787 3657 998 3720 complementum
1014 3658 1154 3721 :perficere
1176 3656 1238 3714 idem
