2642 4209
292 260 488 305 uarirnrsml
511 259 669 305 sanctius.
685 278 724 288 -
738 259 934 306 cosuetoon.
1084 244 1123 305 23

101 416 108 443 -,
147 377 320 437 Probatur.
360 376 389 434 l⁰
419 375 714 451 impenetrabilibus
741 380 792 437 est
830 380 879 439 vis
910 393 976 455 qua
1006 393 1125 454 corpus

102 454 247 532 impedit
265 472 308 516 ne
330 455 422 515 locus
445 471 545 531 quem
567 457 719 532 occupat,
736 456 777 518 ab
793 456 855 519 alio
871 473 1009 533 corpore
1024 473 1123 518 occu·

103 539 218 613 petur,
251 552 286 595 se
318 535 409 612 prius
439 548 506 595 non
538 536 691 610 expulso;
723 535 814 613 atqui
844 536 1026 614 quamlibet
1060 536 1126 597 vim

105 618 284 677 'causarum
304 612 526 674 secundarum
550 615 637 675 Deus
657 616 792 676 vincere
813 620 934 692 potest,
961 615 1126 694 siquidem

105 695 176 756 hec
197 695 245 755 vis
268 710 437 771 nunquam
458 700 508 755 est
529 692 666 755 infinita.
688 696 775 757 Alias
796 695 885 755 nulla
913 694 1127 757 contradictio

107 773 242 835 ostendi
263 777 382 849 potest,
405 776 439 834 in
469 788 508 833 eo
541 773 630 850 quod
663 772 729 835 duo
760 791 897 852 corpora
930 780 1128 836 conservent

109 851 356 915 distinctionem
376 853 518 913 materia
542 854 721 929 corporalis
737 860 770 915 et
784 854 1027 915 dimensionum
1050 856 1124 915 abs·

109 948 179 1013 que
201 932 390 995 diversitate
413 932 494 993 situs
509 932 631 993 localis.

152 1013 251 1074 Prob,
280 1014 312 1072 2⁰
341 1011 635 1087 impenetrabilitas
673 1016 725 1072 est
751 1013 908 1073 naturalis
946 1013 1129 1090 proprietas

110 1092 304 1169 quantitatis
318 1093 414 1152 molis
428 1089 521 1171 (358),
537 1093 672 1152 minime
698 1108 777 1154 vero
805 1094 989 1172 proprietas
1012 1109 1130 1154 essen-

108 1172 196 1233 tialis
211 1170 306 1248 (360).
332 1172 416 1248 Ergo
441 1171 736 1254 impenetrabilitas
763 1173 1006 1247 supernaturali
1029 1172 1128 1234 modo

107 1257 221 1327 potest
244 1252 390 1325 seperari
418 1266 435 1310 a
465 1250 665 1327 quantitate;
692 1251 838 1328 ideoque
864 1268 982 1327 corpus
1006 1257 1128 1328 potest,

108 1333 189 1393 citra
205 1333 420 1392 mutationem
437 1330 657 1399 essentialem,
674 1330 769 1391 reddi
784 1332 1000 1407 penetrabile.

139 1435 185 1484 41.
199 1461 231 1473 —
242 1434 436 1484 Gorottorium.
453 1432 606 1481 Miraculose
616 1446 679 1495 ergo
693 1432 748 1481 fieri
756 1438 840 1494 potest
849 1434 916 1497 quod
927 1449 1019 1499 corpus
1028 1432 1132 1497 aliquod

106 1496 262 1545 naturaliter
271 1500 403 1544 extensum
416 1498 442 1542 et
450 1493 642 1557 impenetrabile
652 1492 776 1558 spolietur
790 1496 937 1544 extensione
947 1500 972 1544 et
982 1496 1131 1559 impenetra-

99 1557 217 1617 bilitate,
232 1573 262 1606 ac
283 1555 391 1620 proinde
404 1555 540 1620 praesentia
563 1555 660 1605 Christi
674 1556 722 1605 sub
734 1559 789 1605 tota
812 1556 896 1606 hostia
910 1562 936 1605 et
959 1559 1006 1606 sub
1020 1556 1131 1621 qnalibet

106 1619 202 1669 hostiae
216 1622 287 1684 parte
302 1622 459 1683 nonpugnat
469 1632 527 1667 cum
541 1632 678 1681 corporum
687 1622 791 1668 natura.

483 1720 501 1781 5
525 1717 567 1772 111.
585 1717 625 1770 De
643 1730 748 1771 vacuo.

150 1817 202 1877 42.
219 1849 256 1859 -
271 1816 418 1876 Vacuum
442 1813 626 1904 opponitur·
651 1813 735 1886 loco,
763 1818 839 1891 quia
864 1815 944 1875 nihil
968 1814 1057 1875 aliud
1083 1793 1134 1875 est

108 1911 213 1973 quam
237 1897 380 1973 spatium
399 1909 516 1953 carens
539 1906 628 1955 omni
657 1909 808 1971 corpore,
844 1894 936 1971 quod
962 1895 1131 1956 continere

136 1979 234 2036 otest.
418 2018 420 2021 -

108 1991 132 2053 p
151 2054 254 2115 Vaoui
273 2069 396 2114 nomen
416 2055 526 2132 potest
542 2051 695 2129 usurpari
709 2052 762 2112 vel
777 2055 821 2114 od
834 2052 1065 2129 volatrensem
1078 2044 1132 2114 ve'l

102 2134 339 2211 philosophice.

116 2254 119 2259 -
150 2212 255 2274 Priori
270 2212 368 2273 modo
383 2214 552 2286 sumptum
562 2208 723 2288 significat
733 2212 875 2285 spatium
890 2213 980 2273 nullo
993 2226 1131 2288 corpore

106 2293 291 2369 presertim
314 2292 417 2352 solido
439 2306 500 2351 seu
523 2290 676 2351 sensibus
698 2293 809 2363 peroio
832 2292 968 2367 plenum
992 2310 998 2349 ε
1025 2308 1056 2351 v.
1082 2304 1131 2369 g„

109 2372 237 2433 dolium
258 2374 335 2433 vino
362 2370 566 2432 destitutum.
593 2370 738 2430 sumitur
757 2369 974 2446 ptt'tosopttce
998 2368 1130 2447 quando

108 2452 255 2529 spatium
280 2454 367 2511 orn-ot
391 2466 528 2525 prorsus
556 2464 693 2526 corpore
727 2448 919 2509 destitutum
952 2447 1129 2527 significan

109 2548 215 2609 quare
250 2533 341 2590 recte
370 2528 523 2591 definitur
550 2528 697 2590 carentia
723 2531 869 2603 corporis
895 2530 929 2589 tn
955 2530 1134 2604 oopocttote

103 2612 199 2673 t'ttttd
212 2611 399 2685 recipiendi.

151 2692 299 2751 Vacuum
325 2687 478 2750 dividitur
491 2688 525 2747 in
550 2687 782 2761 tmaptaortum
805 2690 838 2747 et
861 2687 961 2747 reate.
984 2688 1132 2748 Vacuum

109 2771 343 2849 imaginarium
359 2771 407 2830 est
422 2766 502 2828 illud
518 2765 608 2844 quiid
620 2770 713 2825 extra
732 2766 848 2827 mundi
874 2767 955 2826 fines
984 2766 1128 2842 concipi·

110 2865 198 2911 mus,
214 2848 312 2909 Recte
324 2853 374 2908 est
384 2846 474 2925 quod
484 2845 641 2906 limitibus
656 2843 754 2905 realis
770 2847 916 2921 corporis
929 2846 1129 2907 circumscri-

110 2929 212 2991 bitur.

110 3044 163 3104 43.
188 3076 226 3085 -
247 3042 364 3103 Tnnsrs.
393 3044 542 3178 Voouuucti
555 3040 789 3177 tmopz'uariuut
802 3042 925 3098 noceat
942 3040 1130 3113 positivum,

485 3136 518 3180 se
561 3135 645 3194 nepo
659 3133 759 3177 coum.

128 3224 327 3295 'Probatur
363 3232 452 3292 Deus
486 3245 588 3291 novas
617 3234 784 3290 creaturas
810 3227 995 3305 producere
1022 3233 1135 3305 potest

113 3318 207 3375 extra
228 3312 327 3391 hujus
341 3311 457 3372 mundi
480 3311 655 3378 ambitum:
674 3310 764 3385 atqui
779 3307 862 3379 loca,
890 3324 959 3385 que
982 3312 1060 3369 tunc
1074 3326 1133 3370 oo-

113 3397 327 3471 cuparentur,
342 3391 374 3453 vi
388 3391 485 3469 hujus
500 3390 680 3460 relationis,
698 3403 765 3448 non
774 3387 872 3447 realis
887 3388 948 3449 sed
967 3388 1133 3465 possibilis

113 3478 254 3543 tantum,
278 3471 322 3532 ad
342 3486 427 3531 nova
440 3484 589 3546 corpora,
604 3467 729 3528 habent
749 3466 912 3527 rationem
926 3470 1031 3529 vacui.
1047 3470 1132 3548 Ergo

111 3552 195 3616 illud
209 3566 361 3622 vacuum,
390 3553 425 3613 in
453 3553 613 3627 quantum
635 3551 712 3607 actu
737 3545 915 3607 relationes
939 3548 1046 3609 reales
1062 3563 1081 3607 a
1095 3558 1132 3609 se

112 3634 274 3707 removet,
290 3632 474 3705 cepaticum
489 3628 553 3689 dici
567 3630 689 3705 potest.
