2642 4209
532 267 933 310 ussmrnrsim
976 267 1284 313 senchius.
1326 286 1399 294 --
1432 270 1862 315 ρεῖῡιιοιοῦω.
2108 251 2214 312 101

172 385 398 450 ratur,
462 394 583 438 seu
625 378 927 440 ordinem
975 378 1130 441 dicit
1191 376 1277 441 ad
1345 380 1637 443 diversas
1699 382 2216 442 terminatinnes.

173 460 359 537 Ergo
391 458 714 535 ‘quaelibet
753 458 1030 521 facultas
1075 467 1176 520 est
1211 462 1357 540 ipsa
1401 464 1620 523 anima
1672 463 2040 524 secundun]
2116 470 2212 522 tn-

181 540 513 599 talitatem
559 540 858 600 essentiae
902 547 1222 617 spectata,
1268 548 1422 600 non'
1451 547 1675 605 autem
1720 541 2088 611 secundum
2124 546 2216 602 tn-

180 621 513 680 talitatem
551 621 835 681 virtutis

265 701 332 758 2⁰
378 701 450 758 ln
512 700 730 759 animo
797 699 1096 759 absolute
1160 703 1456 774 spectato
1522 717 1657 762 non
1724 701 2220 778 distinguuntur

178 779 524 855 potentiae,
589 778 711 840 sed
777 779 1107 839 duntaxat
1138 780 1205 838 in
1247 783 1391 856 ipso
1457 774 1578 857 pe'r
1652 782 2220 858 comparationem

180 858 273 918 ad
320 859 590 937 objecta
631 859 930 934 inspecto
969 880 982 920 :
1016 857 1439 920 manifestum
1472 866 1572 920 est
1614 862 1945 938 potentias
1988 862 2216 918 animae

183 953 343 998 esse
386 941 863 1014 inseparabiles
907 941 987 1000 ab
1035 941 1277 1000 anima.

267 1019 332 1078 3·
376 1020 616 1078 Totum
656 1019 931 1080 virtuale
975 1018 1164 1079 adest
1204 1019 1483 1096 singulis
1527 1021 1820 1096 partibus
1848 1018 2216 1079 secundun]

183 1102 398 1158 totam
443 1113 631 1158 suam
677 1100 1049 1170 essentiam,
1099 1098 1220 1158 sed
1260 1116 1398 1159 non
1441 1102 1810 1161 secundum
1856 1103 2060 1159 totam
2088 1098 2220 1158 vir-

184 1181 424 1238 tutem.
493 1181 686 1255 Atqui
745 1182 1001 1240 animus
1064 1183 1376 1252 respectu
1436 1197 1706 1241 suarum
1769 1181 2216 1256 potentiarum

182 1262 291 1317 est
339 1263 552 1318 totum
593 1259 892 1319 virtuale.
940 1261 1077 1336 Ego
1106 1257 1297 1318 adest
1326 1260 1601 1336 singulis
1633 1259 1941 1339 potentiis
1980 1274 2216 1318 seeun-

183 1337 350 1398 dum
397 1339 787 1398 totalitatem
833 1339 1152 1410 essent-iae,
1186 1342 1253 1398 et
1295 1340 1535 1401 exinde
1578 1341 1657 1402 ab
1682 1340 1863 1399 hisce
1906 1338 2216 1415 potentiis

181 1433 325 1479 non
368 1419 636 1478 realiter
683 1419 1124 1496 distinguitur.

267 1499 374 1558 111.
410 1501 606 1559 Juxta
627 1499 689 1558 S.
723 1501 1061 1571 Thomam,
1098 1499 1477 1558 Suarezium
1502 1497 1948 1574 etplerosque
1976 1514 2008 1554 e
2036 1498 2216 1558 ilien-

178 1577 381 1655 logiS‚
476 1579 785 1655 potentiae
860 1579 1132 1638 realiter
1203 1577 1700 1656 distinguuntur
1767 1577 1849 1637 ab
1924 1578 2212 1636 essentia

181 1662 442 1718 animae.
492 1660 562 1717 ln
608 1659 741 1718 Deo
791 1657 1130 1728 duntaxat,
1190 1663 1262 1717 ut
1328 1657 1524 1718 docet
1584 1658 1725 1733 ipse
1790 1658 1851 1715 S.
1918 1657 2216 1718 'finimas

180 1741 485 1798 essentia
551 1744 650 1797 est
715 1738 1176 1798 immediatum
1249 1736 1495 1814 agendi
1559 1736 1976 1811 principium,
2060 1734 2212 1810 quia

180 1819 358 1877 actio
407 1817 524 1876 Dei
571 1823 672 1877 est
715 1833 863 1879 esse
911 1821 1048 1878 Dei.
1097 1817 1227 1876 Sed
1276 1819 1345 1876 in
1410 1819 1725 1877 creaturis
1781 1813 1988 1875 forma
2052 1818 2212 1874 suli-

180 1898 516 1957 stantialis
558 1894 822 1958 nonnisi
863 1896 1307 1957 mediantibus
1338 1896 1649 1974 potentiis
1681 1894 2032 1971 operativis
2056 1894 2212 1974 agit,

179 1978 360 2037 sicut
404 1976 585 2036 radix
629 1993 762 2037 non
806 1975 1056 2053 profert
1082 1974 1337 2036 fructus
1366 1977 1489 2036 nisi
1519 1974 1965 2036 mediantibus
1992 1974 2212 2034 ranila.

178 2058 502 2116 Potentiae
574 2073 732 2134 ergo
805 2062 958 2117 sunt
1025 2056 1389 2116 accidentia
1455 2073 1493 2116 a
1555 2054 1918 2115 substantia
1984 2054 2216 2114 animas

176 2137 455 2198 realiter
499 2137 824 2198 distincta.

267 2219 382 2278 Hic
425 2234 559 2277 non
607 2217 1042 2295 expendimus
1088 2223 1392 2276 naturam
1450 2214 1750 2276 intimam
1809 2213 2008 2291 hujus
2080 2210 2208 2270 [lie-

181 2297 516 2358 tinctionis
582 2300 816 2369 realis;
885 2295 1246 2356 affirmatur
1303 2299 1553 2355 tantum
1616 2295 1786 2354 hanc
1851 2293 2216 2353 distinetio—

178 2394 344 2438 nem
389 2393 534 2437 esse
578 2378 846 2448 1·ealem‚
896 2393 1018 2453 per
1071 2377 1557 2454 oppositionem
1598 2373 1685 2434 ad
1727 2373 1936 2432 solam
1980 2370 2212 2430 dietim

183 2458 480 2518 ctionem
510 2455 800 2517 rationis.

265 2539 570 2606 Rationes
598 2538 802 2611 ‘hujus
857 2535 1059 2595 tertz'ae
1107 2535 1447 2596 sentem-iae.
1520 2536 1579 2593 1ο
1638 2530 1947 2590 Potentiae
2012 2530 2212 2590 animi

181 2621 344 2676 sunt
389 2617 686 2693 quaedam
730 2615 1118 2686 accidentia,
1167 2630 1321 2674 nam
1354 2612 1799 2673 essentialiter
1830 2608 2220 2670 ordinantur

183 2695 270 2756 ad
361 2697 839 2772 operationem,
925 2711 1066 2772 quae
1140 2700 1241 2754 est
1307 2691 1468 2770 quid
1542 2689 1976 2761 accidentale,
2056 2690 2212 2746 [iuni

180 2774 399 2837 forma
445 2775 890 2837 substantialis
937 2777 1353 2834 existentiam
1419 2770 1921 2832 substantialem
1984 2786 2212 2826 essen-

186 2856 428 2916 tialiter
482 2857 769 2931 respicit,
817 2855 904 2915 ut'
932 2856 1229 2913 ultimam
1273 2868 1457 2911 suam
1505 2851 1965 2912 actualitatem.
2016 2850 2216 2906 Pnrrn

181 2937 252 2996 in
301 2935 520 2995 causis
562 2934 759 2994 finitis
811 2952 939 2994 esse
972 2938 1038 2994 et
1067 2935 1234 2994 actio
1283 2948 1491 2991 unum
1534 2930 1853 3006 idemque
1901 2944 2048 2990 esse
2096 2946 2212 2986 ne-

186 3019 470 3093 queunt,
502 3031 628 3075 nec
672 3013 973 3092 proinde,
1015 3031 1154 3073 esse
1196 3012 1425 3072 haberi
1462 3014 1535 3069 ut
1572 3011 1856 3084 potentia
1901 3010 2216 3067 essentia-

180 3097 337 3155 liter
358 3094 660 3154 ordinata
705 3094 789 3154 ad
834 3095 1182 3156 actionem.
1235 3093 1406 3169 Ergo
1452 3090 1756 3166 potentiae
1802 3088 2040 3164 quibus
2072 3106 2220 3146 rne-

184 3175 521 3237 diantihus
563 3175 927 3235 substantia
970 3175 1196 3248 animae
1239 3174 1571 3249 operatur,
1620 3169 1701 3229 ab
1769 3167 1912 3244 ipsa
1954 3170 2224 3227 realiter

183 3255 705 3334 distinguuntur,
748 3260 822 3315 ut
867 3252 1234 3314 accidentia
1277 3269 1314 3311 a
1367 3250 1751 3311 substantia.

251 3338 321 3396 2⁰
385 3339 520 3396 Una
583 3334 857 3396 facultas
922 3333 1110 3394 alteri
1162 3332 1431 3392 realiter
1492 3328 1837 3406 subJIcitur
1901 3330 2012 3386 aui¹
2060 3342 2212 3386 num

183 3414 392 3475 altera
437 3414 789 3491 aliquando
857 3413 1286 3477 conflictatur,
1355 3417 1480 3469 etc.
1534 3427 1547 3467 :
1606 3410 1731 3468 hoc
1800 3410 2056 3466 constat
2128 3422 2212 3462 [111

183 3496 560 3556 testimonio
609 3493 1038 3555 conscientiae,
1086 3492 1284 3568 Atqui
1326 3489 1395 3548 id
1440 3492 1618 3548 certo
1665 3503 1800 3547 non
1833 3487 2208 3550 haberetur„

181 3574 234 3636 si
275 3575 627 3650 facultates
657 3577 880 3634 essent
906 3573 1190 3649 ipsamet
1222 3570 1512 3631 essentia
1538 3583 1662 3629 seu
1692 3566 1961 3626 realiter
2000 3578 2208 3626 uuum

185 3654 349 3732 quid
395 3658 464 3714 et
505 3653 947 3732 idem..Ergo.
