2642 4209
475 256 588 317 152
1065 270 1427 314 anawanum
1467 266 1870 315 PHILOSOPHtAE

465 383 854 525 phatlitasiae,
925 383 1136 444 altera
1203 381 1288 444 de
1356 382 1501 461 ipsa
1542 383 1998 448 efformatione
2052 381 2336 448 idearum
2357 404 2462 466 per

466 468 603 528 inte
629 466 893 526 lectum.
2567 472 2568 530 l

543 546 686 606 253.
747 547 767 604 1
809 577 888 586 —
931 546 1027 604 De
1057 559 1373 604 concursu
1436 545 1798 605 necessario
1855 543 2373 621 phantasmatum
2407 551 2463 609 in
2567 535 2568 542 '

468 623 892 686 intellectione
922 629 980 684 et
1006 624 1196 683 modo
1227 639 1354 698 quo
1383 629 1794 684 concurrunt.

551 706 612 766 1⁰
635 705 778 765 Jam
807 706 1002 764 antea
1038 702 1311 764 modum
1364 702 1801 780 expendimus
1849 719 1981 781 quo
2030 701 2287 782 objecta
2338 721 2459 766 cor·

465 799 672 861 porea
699 799 936 844 sensus
981 787 1252 844 movent
1292 798 1370 843 ac
1418 781 1860 845 determinant
1893 782 1993 855 ,ad
2039 785 2329 860 speciem
2372 802 2461 846 ex·

465 880 764 942 pressam
794 862 1290 924 efformandam.
1338 863 1489 923 Haec
1544 867 1766 924 autem
1792 878 2053 940 species
2106 879 2230 924 seu
2263 880 2459 941 repre·

470 945 754 1004 sentatio
799 941 1055 1004 sensilis
1109 943 1544 1022 objectorum,
1594 943 1805 1019 primo
1856 949 1955 1003 est
1998 942 2069 1002 in
2116 959 2334 1015 sensu,
2372 960 2462 1005 se-

469 1023 687 1086 cundo
717 1025 785 1085 in
803 1022 1294 1101 imaginatione,
1327 1021 1395 1081 in
1424 1027 1744 1099 quantum
1764 1023 2160 1101 imprimitur
2201 1039 2237 1083 a
2262 1039 2463 1097 sensu,

469 1108 669 1181 atque
699 1105 966 1164 nomine
988 1102 1464 1177 phantasmatis
1508 1102 1917 1182 designatur.
1957 1102 2367 1172 Phantasma,
2409 1111 2469 1164 ut

468 1185 557 1244 ait
587 1184 648 1244 S.
681 1183 960 1243 Thomas
1009 1182 1111 1260 (l),
1145 1186 1247 1242 est
1293 1183 1619 1261 objective
1670 1181 2020 1244 similitudo
2069 1181 2382 1244 individui
2413 1185 2471 1244 in

468 1277 715 1342 organo
768 1278 1109 1338 corporeo,
1163 1266 1230 1322 et
1273 1262 1638 1342 subjective
1685 1266 1873 1323 actus
1917 1262 2128 1324 vitalis
2170 1260 2473 1324 facultatis

466 1342 830 1415 sensitivae;
888 1358 1084 1418 porro
1139 1341 1519 1403 intellectus
1574 1345 1643 1404 in
1696 1344 2044 1419 praesentis
2098 1341 2253 1403 vitae
2317 1346 2476 1404 statu

464 1421 698 1500 nequit
724 1420 971 1498 aliquid
998 1422 1367 1500 intelligere
1394 1422 1463 1482 in
1485 1426 1657 1495 acm,
1683 1422 1807 1484 nisi
1829 1422 2276 1483 convertendo
2306 1437 2377 1483 se
2401 1423 2475 1484 ad
2571 1429 2572 1444 ¹

462 1503 922 1580 phantasmata
952 1499 1060 1580 (2).
1097 1503 1320 1578 ltaque
1352 1518 1589 1563 sensus
1620 1502 1876 1563 externi
1902 1505 2185 1563 mediate
2225 1506 2294 1562 et
2335 1502 2477 1564 ima-

463 1582 711 1663 ginatio
743 1583 1112 1642 immediate
1138 1581 1481 1642 materiam
1526 1580 1920 1659 cognitionis
1947 1583 2275 1659 praebent.

545 1661 705 1723 Inde
763 1659 1054 1722 dimanat
1110 1660 1381 1721 effatum
1430 1661 1674 1723 scholae
1732 1681 1748 1722 :
1803 1664 2079 1736 coqnicio
2141 1661 2475 1722 exordium

464 1741 640 1803 ducit
669 1757 713 1801 a
736 1756 944 1811 sensu,
977 1740 1159 1817 quod
1186 1756 1223 1800 a
1274 1740 1673 1818 quibusdam
1714 1739 1994 1802 formula
2036 1740 2344 1818 sequenti
2388 1739 2467 1802 ef-

463 1818 618 1916 (erri
649 1819 818 1881 solet
850 1840 864 1880 :
895 1821 1059 1883 nihil
1087 1821 1268 1881 estin
1292 1820 1623 1882 intellectu
1675 1823 1850 1896 quod
1888 1823 2077 1897 prius
2111 1837 2243 1881 non
2283 1823 2471 1898 fuerit

466 1916 539 1962 m
564 1916 774 1960 sensu.

544 1979 678 2042 Hoc
710 1983 930 2040 tamen
957 1984 1138 2040 recte
1165 1976 1443 2058 intelligi
1473 1978 1698 2051 debet,
1747 1993 1901 2041 nam
1941 1978 2008 2039 in
2053 1994 2324 2040 sensum
2358 1977 2462 2041 fal-

467 2055 794 2118 aiaaifflum
823 2075 860 2119 a
912 2058 1207 2121 sensistis
1244 2073 1381 2120 non
1423 2075 1572 2121 raro
1618 2058 2072 2136 detorquetur,
2120 2059 2358 2121 scilicet
2392 2059 2462 2120 ad
2574 2098 2577 2294 Ι

465 2138 848 2214 negandum
906 2141 1353 2218 cognitionem
1398 2139 1947 2201 immaterialium.
1998 2139 2102 2199 Sic
2167 2155 2325 2216 ergo
2376 2154 2460 2200 ac·

469 2218 845 2294 cipiwndum
916 2226 1016 2279 est
1075 2218 1399 2297 :objecta
1466 2219 1846 2293 materialia,
1907 2233 2058 2296 quae
2110 2219 2459 2281 intellectus

465 2300 762 2374 parti-ipit,
801 2297 1049 2359 debent
1073 2298 1257 2375 prius
1294 2297 1706 2375 apprehendi
1748 2314 1787 2358 a
1835 2299 2165 2369 sensibUS,
2211 2299 2360 2359 licet
2406 2300 2457 2360 in

461 2378 693 2438 iiaslam
723 2377 1000 2456 objectis
1031 2377 1209 2438 aliud
1237 2394 1475 2440 sensus
1505 2383 1572 2440 et
1601 2377 1778 2438 aliud
1806 2378 2183 2439 intellectus
2222 2376 2453 2439 referat.

465 2458 710 2518 Sensus
741 2458 915 2518 enim
946 2459 1296 2536 qualitates
1327 2458 1672 2519 sensibiles
1720 2457 2077 2536 attingunt,
2131 2456 2289 2519 dum
2332 2474 2453 2535 pro-

461 2542 677 2614 prium
701 2539 1081 2694 (illtellsse3tus
1110 2537 1451 2618 objectum
1494 2541 1602 2599 est
1648 2540 1793 2615 ipsa
1841 2537 2178 2616 quidditas
2220 2554 2338 2599 seu
2363 2553 2449 2599 es·

461 2622 669 2678 affinia.
753 2619 859 2689 1‚l
907 2619 946 2679 9
976 2664 991 2678 .

539 2698 992 2758 Phantasmata
1076 2695 1162 2756 ad
1251 2697 1635 2758 exercitium
1723 2697 1979 2759 virtutis
2059 2695 2448 2758 intellectivae

457 2777 931 2854 praerequisita,
1002 2775 1173 2837 hanc
1240 2778 1548 2839 virtutem
1617 2777 2079 2848 determinant,
2155 2780 2450 2854 quatenus

461 2854 605 2930 ejus
677 2857 1180 2930 indifferentiam
1247 2860 1339 2918 ad
1405 2857 1628 2918 omnia
1711 2857 1968 2927 tollunt,
2048 2856 2331 2917 animam
2388 2873 2448 2917 ac

457 2934 736 3010 proinde
763 2937 1173 2998 intellectum
1189 2934 1333 3013 jam
1378 2935 1845 3017 conjungendo
1886 2952 2007 3013 per
2052 2951 2289 2997 sensus
2328 2951 2449 2997 cum

457 3018 657 3074 rebus
693 3014 1143 3076 determinatis
1174 3015 1281 3094 (3).
1935 3055 1938 3057 >

533 3098 597 3154 ΩΙ·
633 3098 869 3156 Uerum
924 3096 1381 3172 phantasmata
1437 3111 1559 3157 seu
1625 3095 1886 3173 species
1943 3095 2293 3156 sensibiles
2340 3109 2451 3156 non

450 3180 731 3250 pnaaunt
757 3175 882 3251 ipsi
909 3174 1295 3248 intellectui,
1348 3175 1462 3253 qui
1510 3178 1614 3236 est
1659 3174 2128 3249 immaterialis,
2170 3173 2448 3253 imprimi,

455 3254 621 3314 aient
653 3257 911 3334 species
955 3271 1095 3333 quae
1125 3256 1317 3316 estin
1345 3270 1571 3331 sensu,
1601 3254 1998 3332 imprimitur
2038 3257 2107 3316 in
2154 3254 2447 3335 imagina-

509 3370 577 3430 [l]
609 3370 650 3418 l.
673 3383 725 3434 q.
753 3367 836 3418 87·
866 3385 916 3433 q.
945 3370 1004 3430 23
1037 3374 1136 3420 etc.

509 3457 577 3518 [E]
605 3456 661 3506 Ξ.
689 3456 872 3506 Thom.
902 3459 925 3506 I
950 3472 1001 3521 p.
1031 3472 1081 3520 q.
1111 3457 1174 3507 84
1196 3473 1246 3507 a.
1274 3457 1323 3508 7.

509 3534 577 3642 iffi
609 3534 665 3582 Iu
689 3532 972 3601 receptione
1017 3532 1297 3596 specierum
1341 3533 1396 3582 in
1443 3534 1700 3606 intellectu
1730 3533 1979 3606 possibili,
2015 3536 2365 3600 phantasmata
2407 3548 2449 3583 so

445 3594 513 3642 ha
577 3598 634 3638 nt
669 3595 726 3642 ut
752 3607 910 3663 agens
937 3596 1322 3663 mstrumentale
1354 3599 1406 3644 et
1431 3596 1805 3655 secundarium,
1840 3598 1929 3645 sed
1965 3597 2256 3648 intellectus
2298 3609 2446 3662 agens,

445 3660 505 3702 ut
529 3670 685 3718 agana
707 3653 990 3752 mecipale
1014 3657 1067 3702 et
1092 3669 1331 3718 primum.
1361 3657 1399 3706 S
1445 3657 1542 3707 Th.
1573 3659 1639 3706 de
1676 3659 1845 3709 Verit.
1870 3675 1924 3723 q.
1954 3658 2032 3721 10,
2064 3674 2112 3710 e.
2140 3660 2189 3710 7.
