2642 4209
217 197 274 258 150
523 219 703 266 animamur
723 219 924 265 ruinosornira

215 331 379 472 lectudtlg.
408 357 420 383 ι
445 335 691 396 llr'crentismns
704 341 887 412 temperans
909 336 944 396 in
965 335 1216 412 praesensexpli-

219 415 283 474 cari
331 419 417 473 eet.

256 495 328 554 lain
355 509 434 554 vero
463 492 661 566 universale,
689 499 727 556 ut
751 495 806 565 sic,
833 500 884 556 εει
908 495 1067 556 terminus
1091 493 1218 571 alicujus

217 571 399 634 intuitionis
415 573 483 633 sive
500 572 633 634 directae
660 573 729 636 sive
752 574 893 636 reflexae.
923 573 1110 637 Universale
1123 572 1216 632 utidi'·

218 653 338 718 ximus.
366 653 415 731 (ll,
450 651 518 729 lan)
540 653 755 732 distinguitur
782 658 817 718 in
837 657 997 716 directam
1025 669 1087 714 seu
1112 653 1220 727 sanda·

219 732 370 805 mentale,
389 739 422 792 et
436 734 596 807 reflexam
620 751 683 795 seu
705 735 847 810 formate
860 755 871 794 :
886 735 976 812 prius
1003 737 1054 794 est
1077 732 1220 792 terminus

220 813 323 874 solius
338 811 518 873 intuitionis
533 815 674 887 directa,
691 819 724 875 et
741 818 791 876 est
807 816 841 874 in
855 816 966 887 rebuS,
990 813 1070 875 dum
1096 812 1222 871 alterurn

222 892 446 971 cognitionem
477 894 636 967 rellenam
671 911 804 972 semper
825 896 992 970 importat,
1016 898 1050 954 ει
1076 906 1142 952 non
1170 906 1223 965 po·

222 977 288 1032 test
303 987 378 1033 esse
394 976 470 1032 actu
484 973 547 1034 nisi
574 975 609 1035 in
637 974 821 1045 intellectu,
852 991 927 1035 oum
944 972 1027 1038 illud
1049 969 1225 1046 formaliter

143 1069 148 1079 ·
222 1052 370 1115 includat
396 1051 617 1114 tabitudinem
646 1055 690 1113 ad
717 1055 837 1126 mntta;
871 1055 945 1115 haec
972 1058 1084 1115 autem
1121 1049 1225 1109 relatio
1281 1054 1283 1115 ι

222 1134 322 1195 unius
337 1130 380 1192 ad
394 1131 495 1192 inulta
515 1137 565 1192 est
580 1149 665 1210 opus
679 1132 866 1195 reflexionis
880 1134 933 1213 (2).
1281 1130 1283 1179 Ι

265 1213 378 1289 ltaque
393 1211 590 1282 universale,
607 1211 697 1290 quod
717 1216 769 1273 est
791 1215 922 1291 proprie
946 1207 1152 1288 intelligibile
1174 1205 1228 1266 hu·
1281 1236 1283 1245 =

223 1303 370 1363 manum,
388 1292 556 1369 consurgit
570 1295 640 1353 tum
655 1309 696 1353 ex
721 1297 814 1369 parte
837 1309 960 1363 rerum,
989 1296 1057 1351 tum
1082 1303 1124 1347 ex
1147 1290 1231 1362 parte

223 1371 424 1441 intellectum
446 1376 496 1432 εει
511 1387 590 1450 ergo
606 1374 696 1434 reale
711 1375 821 1448 quoad
839 1390 921 1445 rem,
947 1387 1022 1450 quae
1046 1366 1231 1430 universalis

227 1449 471 1522 denominatur,
507 1467 574 1512 non
607 1458 718 1514 autem
748 1450 860 1530 quoad
887 1457 1031 1524 niodum,
1062 1465 1128 1526 quo
1156 1446 1230 1506 hanc
1281 1502 1282 1505 ,

225 1537 376 1592 naturam
404 1535 461 1591 aut
490 1533 669 1593 essentiam
704 1533 872 1609 exprimit;
910 1531 1029 1593 modus
1056 1524 1231 1589 secundun

227 1627 328 1690 quem
341 1626 396 1672 res
412 1611 556 1672 existunt
575 1613 609 1673 in
624 1613 752 1689 seipsis,
774 1611 945 1674 evidenter
968 1610 1078 1672 differt
1099 1623 1119 1666 a
1143 1603 1229 1696 modo

227 1692 284 1770 qui
313 1695 363 1753 est
377 1691 527 1768 proprius
544 1693 759 1769 conceptibus
786 1692 1039 1753 universalibus.
1076 1682 1230 1762 Quidqud

228 1787 309 1850 ergo
343 1775 394 1832 est
426 1772 460 1830 in
488 1774 768 1848 comprehensione
786 1773 928 1834 notionis
956 1767 1163 1838 universalis,
1191 1768 1231 1825 εει

229 1852 327 1912 etiam
343 1851 376 1912 in
390 1850 505 1925 rebus3
524 1851 585 1912 sed
599 1855 741 1913 entensio
759 1852 860 1931 hujus
883 1851 1037 1923 notionis,
1064 1863 1127 1910 seu
1153 1859 1229 1919 com·

229 1932 373 1993 munitas
387 1931 548 2010 pluribus
565 1937 616 1993 ast
628 1933 736 2012 logica
748 1937 886 1994 tantum.

230 2054 301 2135 250.
322 2074 439 2135 Tussis.
463 2075 647 2136 Uriioersate
661 2079 705 2136 est
719 2071 1006 2149 ,innannenatner
1019 2072 1054 2131 tn
1068 2067 1174 2136 rebus,
1189 2064 1233 2124 sei
1282 2102 1284 2149 t

270 2153 459 2228 formaliter
472 2171 528 2216 sen
544 2160 619 2216 aatn
634 2159 667 2215 tn
681 2154 846 2215 intellecta
858 2157 996 2213 tantam.
1282 2154 1284 2167 '

271 2305 368 2366 Prab.
401 2308 430 2366 la
453 2321 544 2382 pars.
575 2307 695 2366 Natura
724 2319 825 2382 quam
851 2302 1039 2363 intellectus
1072 2290 1231 2374 cogitando
1282 2314 1284 2333 ι

234 2385 393 2447 abstrahit
423 2402 441 2445 a
467 2386 709 2447 conditionibus
734 2381 1030 2452 individuarilibus,
1056 2374 1173 2467 eadem
1194 2376 1233 2431 εει

236 2483 275 2527 ac
308 2466 362 2527 illa
399 2480 474 2542 quae
508 2466 675 2527 invenitur
707 2466 741 2525 in
777 2463 876 2525 rebus
913 2481 920 2522 :
956 2475 1024 2521 una
1050 2471 1148 2549 ⁸enim
1176 2449 1234 2543 sola

236 2546 457 2608 abstractione
467 2560 529 2606 seu
539 2547 734 2623 praecisione
745 2560 763 2604 a
775 2541 1016 2604 conditionibus
1031 2531 1234 2614 singularibus

239 2625 350 2687 differt
372 2624 411 2686 ab
434 2626 548 2695 altera,
577 2631 611 2686 et
638 2626 711 2701 ipsa
738 2622 914 2685 abstractio
932 2619 1057 2680 directa
1078 2614 1235 2704 exercetur
1282 2640 1283 2701 j

242 2706 327 2766 circa
341 2710 492 2767 naturam
506 2711 604 2782 prout
618 2710 670 2766 est
691 2706 726 2765 in
750 2705 861 2764 rebus.
886 2701 966 2777 Ergo
994 2700 1029 2759 in
1051 2697 1151 2757 rebus
1169 2704 1234 2768 ipsis

240 2784 671 2847 inveniturfundamentum
684 2782 949 2845 universalitatis.
1066 2854 1072 2866 ¹
1125 2851 1161 2864 ..
1205 2847 1210 2858 Ι

282 2866 378 2926 Prot.
393 2866 426 2926 2³
435 2882 527 2942 pars.
546 2865 751 2943 l⁹negative
769 2859 937 2938 Quidquid
952 2861 1004 2919 est
1016 2857 1050 2917 in
1063 2848 1235 2942 individuis,

243 2961 283 3008 eo
299 2946 369 3021 ipso
394 2943 686 3008 determinationes
698 2943 915 3005 individuales
930 2939 1041 3000 habet.
1056 2936 1141 3013 Ergo
1155 2946 1186 2991 in
1205 2943 1235 2986 eo

274 3112 308 3175 (1)
323 3113 470 3163 Notandum
483 3117 521 3163 cst
535 3109 661 3177 duplicem
675 3126 729 3160 esse
745 3105 915 3176 intuitionem,
931 3103 1063 3173 directam
1072 3095 1169 3169 scilicet
1177 3097 1239 3158 etre-

243 3177 356 3242 flcxam.
372 3177 422 3227 Per
436 3174 595 3225 intuitionem
607 3175 732 3223 directam
745 3170 899 3236 intelligitur
902 3168 1037 3275 (perceptio
1052 3161 1143 3225 objecti
1163 3169 1186 3205 io
1197 3167 1237 3220 sei·

247 3254 303 3305 pso.
318 3240 368 3290 Sed
381 3243 467 3302 postea
481 3244 591 3286 mentem
605 3236 716 3299 defigere
729 3245 832 3303 possum
851 3229 880 3299 in
892 3243 900 3276 i
919 3241 974 3276 eam
987 3238 1032 3290 per
1046 3224 1115 3271 hune
1126 3213 1238 3292 aciumdi-

249 3307 348 3353 rectum
362 3299 521 3366 acquisitam,
536 3304 562 3348 ει
575 3299 630 3348 haec
644 3313 710 3346 nova
727 3293 909 3362 consideratio,
932 3303 977 3358 seu
998 3285 1117 3334 secanda
1136 3284 1238 3331 intentior

250 3369 289 3414 est
303 3363 404 3413 intuitio
416 3362 509 3411 reflexa
526 3376 569 3418 seu
582 3360 695 3424 reflexio
708 3358 749 3420 (ΙΙ,
764 3355 830 3418 203),
843 3368 914 3421 cujus
927 3352 1054 3414 objectum
1067 3350 1107 3394 est
1129 3341 1239 3410 maneatis

251 3426 365 3477 formalis
379 3440 422 3474 seu
437 3423 495 3472 idea
509 3420 631 3486 acquisita
641 3434 687 3484 per
700 3415 870 3485 cognitionem
882 3415 1008 3480 ‚directam
1033 3403 1148 3477 Secunda
1158 3402 1238 3450 intuitio

254 3488 368 3550 priorem
378 3484 484 3552 perficit,
501 3487 625 3548 quatenus
635 3480 754 3530 notiones
764 3478 902 3542 acquisitas
914 3486 996 3538 magis
1009 3470 1149 3532 distinguit.

44 3615 55 3694 f
69 3561 82 3624 ιι
126 3643 130 3654 .,
286 3611 319 3673 (2)
335 3608 402 3662 Vide
415 3611 501 3656 notam
514 3621 572 3669 pag.
584 3615 638 3670 sup.
