2642 4209
279 238 476 318 unraanxsica
500 274 655 319 saucians.
672 272 831 317 -rrmou
854 276 921 319 nar.
1051 256 1108 319 199

85 385 280 458 scientificus
294 384 412 446 evadit.
436 387 522 445 Dum
545 385 634 446 enim
658 399 753 445 mens
778 385 976 463 objectivam
999 386 1104 449 mani·

87 465 299 527 testationem
313 466 440 526 virtutis
455 467 516 528 Dei
532 483 574 526 ex
594 481 661 525 una
683 468 778 541 parte
800 466 956 538 intuetur,
974 473 1007 529 et
1019 467 1106 544 prin·

89 546 165 622 cipii
182 546 380 607 causalitaiis
395 546 607 607 intrinsecam
623 543 825 606 evidentiam
850 561 891 607 ex
913 549 1014 608 altera
1039 546 1107 626 ior.-¹

88 626 225 685 maliter.
256 627 425 703 comperit,
466 626 510 686 ad
541 623 756 686 scientificam
791 624 1106 697 demonstrationem

89 706 244 785 assurgit,
263 705 305 767 de
322 723 386 786 qua
406 707 439 766 in
454 706 589 766 articulo
612 705 777 783 sequenti.

460 838 676 901 ARTlCULUS
701 839 738 898 ii.

189 973 238 1031 De
260 972 530 1031 demonstratione
542 971 717 1043 scientifica
740 971 915 1031 existentiae
934 970 1003 1033 Det.

131 1101 201 1163 316.
219 1104 317 1163 -Ex
334 1101 428 1163 dictis
443 1106 571 1170 constat
584 1100 644 1161 Dei
660 1100 865 1161 existentiam
883 1098 1017 1162 exillius
1029 1116 1107 1178 ope·
1128 1104 1129 1111 ’

90 1182 182 1243 ribus
215 1200 275 1258 per
305 1181 488 1241 discursum
517 1189 549 1241 et
576 1182 690 1241 lumen
722 1181 855 1241 rationis
878 1182 1034 1242 naturalis
1062 1184 1108 1242 ita

91 1265 182 1321 certo
199 1270 232 1323 et
253 1269 364 1339 aperte
379 1263 601 1331 innotescere,
617 1267 653 1321 ut
667 1263 784 1321 merito
806 1262 860 1321 SS.
884 1261 995 1322 Patres
1021 1262 1105 1321 hano

89 1341 265 1402 veritatem
287 1341 475 1402 evidentem
490 1341 739 1418 appellaverint.

129 1422 303 1482 Discursus
319 1438 383 1498 quo
398 1423 505 1481 Deum
520 1423 718 1481 existentem
734 1418 932 1497 detegimus,
948 1418 985 1479 fit
999 1418 1106 1480 soien-

91 1499 177 1561 lifica
193 1500 440 1572 demonstratio,
466 1499 543 1560 dum
559 1502 686 1579 analysi
701 1499 883 1577 subjicitur,
902 1504 934 1559 et
949 1516 990 1559 ex
1004 1514 1105 1575 spon·

91 1585 190 1642 laneo
209 1587 243 1641 et
255 1581 397 1653 informi,
412 1580 449 1640 fit
467 1581 610 1641 reflexus
629 1598 669 1641 ao
693 1579 852 1652 formalis3
880 1580 1107 1641 demonstrare

91 1662 182 1723 enim
218 1664 269 1721 est
306 1661 485 1722 ostendere
519 1660 683 1740 Judicium
726 1676 799 1719 esse
836 1661 920 1721 sicut
960 1659 1104 1720 etierlur.

91 1742 163 1802 Haec
179 1740 415 1803 demonstratio
430 1746 482 1801 est
496 1742 540 1802 ita
564 1741 700 1802 evidens
722 1744 758 1800 ut
782 1740 812 1799 ei
837 1739 1009 1801 dissentire
1038 1755 1106 1800 non

90 1821 201 1881 valeat
224 1821 409 1881 intellectus
435 1839 441 1879 :
464 1820 543 1882 inde
561 1820 666 1882 David
684 1818 745 1897 (Ps.
769 1817 817 1898 13)
839 1820 973 1879 atheum
994 1819 1109 1897 appel·

90 1902 139 1960 lat
164 1901 379 1976 insipientem
404 1921 412 1961 ι
442 1904 527 1965 Dicit
560 1902 714 1976 insapiens
735 1901 769 1959 tn
799 1902 894 1959 corde
917 1915 975 1959 suo
1005 1919 1015 1958 :
1037 1902 1107 1959 Nou

91 1984 137 2040 est
158 1984 252 2040 Deus.
287 1982 480 2042 Necessaria
502 1980 589 2041 enim
612 1979 772 2041 connexio
799 1977 1027 2056 dependentia
1056 1980 1106 2037 in-

92 2065 144 2120 ter
158 2062 366 2121 existentiam
381 2063 466 2121 entis
490 2061 713 2138 contingentis
735 2063 770 2119 et
792 2060 1000 2119 existentiam
1023 2061 1106 2118 entis

90 2140 272 2201 necessarii
294 2141 339 2201 ita
359 2144 409 2201 est
424 2142 530 2216 obvia,
544 2141 735 2218 utaliquem
749 2142 875 2199 ratione
890 2143 1039 2199 utentem
1053 2138 1107 2199 vix

91 2222 195 2281 latere
212 2225 323 2297 queat.

131 2300 198 2362 Sed
221 2299 387 2377 quomodo
410 2299 552 2359 haecDei
569 2296 931 2360 existentiaseientifice
954 2296 1108 2361 demons-

91 2380 168 2440 trari
183 2381 307 2457 possit?
321 2379 356 2439 ld
377 2380 410 2439 in
424 2395 567 2455 praesens
582 2378 817 2456 inquirendum
839 2383 900 2438 est.

131 2461 374 2520 Demonstratio
396 2459 576 2534 apodictico
596 2465 646 2519 est
670 2460 723 2518 vel
743 2456 876 2534 apriori
889 2457 975 2518 vela
995 2460 1105 2532 poste·

91 2540 170 2601 riori
197 2539 292 2618 (133),
322 2543 421 2617 prout
444 2541 588 2601 medium
612 2538 899 2601 demonstrationis
928 2541 980 2597 est.
1007 2551 1105 2596 eausa

92 2620 314 2680 conclusionis
335 2620 369 2679 in
384 2619 526 2679 essendo
546 2618 643 2679 simul
670 2624 704 2679 et
726 2616 972 2698 cognoscendo,
998 2618 1051 2677 vei
1070 2618 1104 2677 in

93 2700 324 2776 cognoscendo
340 2703 478 2759 tantum·

131 2780 287 2842 Nonnulli
313 2778 458 2857 theologi
487 2778 621 2839 minime
653 2776 833 2854 spernendi
857 2775 932 2836 huic
957 2774 1105 2836 divisioni

93 2856 383 2919 demonstrationis
394 2856 581 2934 apodictica
605 2859 792 2919 membrum
813 2856 980 2935 adjiciunt,
1003 2871 1102 2933 argu-

92 2940 333 2999 mentationem
365 2939 530 2999 sciliceta
556 2938 759 2999 simuttuoeo.
787 2937 848 2997 Per
869 2940 1104 3013 argumentum

93 3020 324 3079 asimultaneo
339 3018 531 3096 intelligunt
543 3017 628 3077 hanc
642 3017 871 3093 probationem
896 3016 990 3095 cujus
1005 3013 1107 3075 medi-

92 3113 149 3159 um
178 3115 246 3159 non
275 3102 326 3159 est
353 3113 451 3159 causa
474 3099 607 3173 proprie
623 3096 723 3170 dicta,
753 3095 813 3158 sed
838 3098 924 3155 ratio
945 3096 1109 3169 sufficiens

94 3176 270 3254 desumpta
293 3178 388 3239 exiis
403 3194 475 3255 que
488 3178 586 3237 simul
596 3182 684 3249 sunt,
703 3181 735 3236 et
750 3174 885 3253 quidem
907 3173 1107 3245 necessarie,

94 3274 168 3317 cum
196 3275 233 3318 re
264 3256 536 3329 demonstranda3
560 3255 637 3318 ideo
659 3257 726 3317 haeo
752 3256 833 3315 ratio
862 3252 1109 3315 demonstrandi

94 3343 183 3399 esset
209 3339 327 3415 partim
358 3354 378 3397 a
404 3337 515 3415 priori,
543 3338 694 3415 partima
716 3335 897 3412 posteriori.

518 3544 675 3557 m-
