2642 4209
191 260 212 327 l
503 284 682 328 nnnvrraiun
704 282 902 327 ruinosorrna

104 418 105 421 ’
192 400 252 461 llic
275 396 412 458 exitialis
433 414 523 459 error
544 396 738 473 nuperrime
763 395 938 457 damnatus
952 393 1035 457 fuit
1027 412 1061 455 in
1075 396 1209 475 Syllaba

90 504 91 507 ¹
190 487 226 553 et
238 480 273 539 in
288 477 430 538 Concilio
448 478 609 539 vaticano.

139 586 140 589 ¹
230 557 457 619 Pantheismus
484 556 630 619 diversas
658 554 766 616 induit
788 553 921 624 formas,
953 570 1024 632 quaa
1054 553 1097 615 ad
1125 554 1209 617 duas

189 638 371 715 praecipuas
385 638 499 697 reduci
515 640 666 713 possunt,
691 636 844 695 nimirum
861 638 890 695 l⁰
904 632 948 693 ad
964 636 1210 696 emanationem

188 720 439 788 immanentem,
469 718 501 777 2⁰
524 717 567 777 ad
592 717 836 776 emanationem
874 719 1116 787 transeuntem3
1147 715 1212 777 sed

129 826 131 835 ν
189 796 418 873 pantheismus
449 796 635 856 immanens
676 792 897 857 subdividitur
931 795 965 853 in
995 793 1138 855 idealem
1174 800 1210 857 et

190 878 323 943 realem,
341 882 439 951 prout
452 876 636 936 immanens
652 875 795 935 evolutio
810 875 995 944 substantia
1020 874 1133 933 divina
1148 890 1210 935 seu

192 956 333 1016 absoluti
350 962 502 1015 estmere
523 954 651 1025 idealis,
672 955 726 1015 vel
745 953 843 1014 etiam
865 954 978 1026 realis;
1004 954 1075 1013 aliis
1085 955 1207 1028 verbis,

192 1036 374 1095 substantia
395 1033 502 1095 divina
526 1051 600 1095 sese
617 1036 746 1107 evolvit,
769 1034 820 1094 vel
835 1039 871 1094 ut
884 1048 979 1093 mens
995 1037 1131 1108 tautum,
1154 1034 1210 1095 vel

42 1134 43 1137 ’
79 1181 82 1186 ,
112 1128 124 1165 ’-
191 1120 229 1175 ut
249 1129 345 1173 mens
367 1116 463 1174 simul
478 1119 511 1174 et
526 1120 652 1175 natura.

234 1195 300 1253 lstae
323 1194 527 1254 evolutiones
553 1201 711 1254 vocantur
728 1193 828 1253 etiam
844 1192 1070 1268 phanomena,
1100 1194 1205 1254 mani·

192 1270 397 1345 festaticnes‚
420 1271 723 1341 determinationes,
741 1274 936 1348 positiones
953 1278 1015 1332 etc.
1033 1270 1161 1333 infiniti.

490 1405 510 1453 1.
520 1404 558 1454 De
570 1402 729 1468 pantheismo
744 1402 908 1452 immanente.

232 1516 261 1574 7.
278 1546 316 1555 -
331 1511 560 1573 Pantheismus
575 1512 712 1591 rigidior
731 1529 792 1575 seu
811 1514 996 1572 immanens
1011 1512 1065 1571 ille
1086 1513 1210 1589 estqui

191 1592 381 1659 considerat
409 1593 565 1653 mundum
601 1600 758 1669 tanquam
794 1591 1013 1653 evolutionem
1048 1594 1210 1653 internam

193 1672 297 1750 ipsius
321 1673 393 1733 Dei.
420 1674 490 1733 Hac
506 1680 613 1733 autern
631 1673 774 1733 evolutio
788 1672 969 1731 immanens
990 1669 1209 1733 diversimode

191 1753 379 1827 concipitur
394 1766 412 1811 a
427 1752 624 1812 Pantheistis
641 1771 648 1811 :

231 1832 252 1891 l.
270 1829 421 1905 Quidam,
438 1830 486 1891 uli
497 1830 627 1910 judaeus
642 1831 768 1891 Baruch
783 1830 932 1905 spinosa,
951 1834 1121 1890 autumant
1135 1830 1206 1890 uni·

191 1926 260 1971 cam
290 1926 364 1970 esse
389 1908 617 1976 substantiam.
644 1911 740 1988 cujus
768 1912 876 1970 omnia
906 1913 993 1970 entia
1020 1912 1209 1971 suntvariae

190 1988 299 2051 formae
313 1990 382 2049 sive
396 1990 675 2051 individuationes
690 1995 746 2049 aut
759 1987 1049 2049 manifestationes

231 2070 302 2129 llac
330 2070 513 2131 substantia
549 2068 675 2131 infinita
699 2071 732 2129 in
762 2070 925 2145 duplicem
950 2068 1203 2147 generaliorem,

190 2165 259 2209 non
274 2149 377 2209 libere
393 2150 454 2209 sed
470 2150 670 2219 necessario,
687 2165 762 2210 sese
780 2148 899 2208 evolvit
919 2147 1065 2219 formam,
1090 2148 1205 2209 videli-

195 2234 249 2289 cet
267 2231 294 2287 l⁰
310 2230 343 2288 in
357 2230 499 2304 spiritus
524 2230 673 2307 quisunt
691 2229 899 2305 copr'tatt'oaas
927 2229 976 2289 rei
1000 2227 1209 2289 individualis

194 2308 327 2369 realiter
357 2310 536 2375 existentis,
571 2315 603 2369 et
621 2308 652 2366 2⁰
678 2309 713 2366 in
743 2324 891 2384 corpora,
926 2324 996 2383 qua
1024 2313 1102 2368 sunt
1127 2308 1210 2369 illud

193 2388 354 2463 objectant
376 2393 538 2463 capallum
566 2409 576 2448 .·
603 2388 679 2447 hinc
709 2387 772 2449 duo
800 2393 878 2447 sunt
903 2388 1092 2448 substantiae
1111 2386 1209 2448 finitae

183 2467 349 2527 attributa
380 2488 386 2527 :
419 2470 568 2543 copt'tatr'i
599 2471 632 2527 et
660 2468 813 2534 extensio,
845 2483 916 2543 quae
941 2468 1001 2527 sub
1026 2467 1209 2528 innumeris

192 2545 447 2607 individualibus
462 2564 537 2608 sese
550 2548 643 2607 nobis
660 2548 817 2609 exhibent
831 2547 1033 2623 aspectibus.
1050 2547 1207 2608 Substan-

193 2626 237 2685 tia
252 2626 352 2703 igitur
365 2627 474 2697 unica,
493 2629 639 2705 cogitans
655 2629 800 2687 simulet
816 2632 964 2698 extensa,
982 2632 1032 2686 est
1049 2628 1204 2689 mundus.

194 2705 229 2765 ld
244 2705 334 2781 quod
350 2710 401 2767 est
414 2724 432 2766 a
447 2723 493 2771 se.
513 2713 546 2766 et
566 2721 640 2764 sese
667 2706 796 2778 evolvit,
818 2706 1003 2783 appellatur
1026 2723 1045 2766 a
1069 2708 1208 2783 Spinosa

192 2790 310 2844 catara
331 2790 496 2856 aataraas,
528 2786 597 2861 ipsa
620 2787 776 2853 evolutio,
791 2794 912 2846 actara
946 2792 1116 2849 catarata.
1139 2789 1208 2847 Haec

192 2865 321 2938 species
359 2865 554 2939 pantheismi
581 2866 789 2925 immanentis
824 2868 986 2926 emanatio
1027 2867 1208 2927 imraaaeas

192 2941 330 3004 realiter
345 2942 408 3004 dici
424 2945 517 3004 solet.

233 3023 268 3082 ll.
285 3022 354 3081 Alia
368 3024 497 3099 species
520 3025 735 3083 emanationis
749 3023 958 3084 immanentis
973 3028 1025 3084 est
1039 3025 1208 3099 1111111111-

1 3082 62 3185 332(
190 3116 264 3162 mas
285 3102 403 3163 adeatis
415 3118 476 3162 seu
487 3103 788 3174 transcendeatala's
806 3107 877 3179 quae
894 3102 1062 3178 profitetur
1073 3120 1207 3166 emana-

12 3184 32 3193 ·’
140 3212 166 3235 ,ι
192 3180 315 3241 tionem
336 3179 567 3243 immanentem
591 3180 754 3243 idealiter.
777 3183 847 3243 llaec
868 3179 973 3243 forma
994 3184 1206 3260 pantheisml,

119 3312 125 3321 .,
190 3276 262 3337 qua
304 3259 452 3337 profecto
489 3266 526 3321 ut
558 3261 692 3321 absurdi
724 3260 889 3353 fastigium
919 3264 1070 3323 omnibus
1105 3279 1209 3324 sensu

102 3352 120 3421 “3
189 3341 354 3401 communi
383 3338 524 3417 pradilis
549 3357 624 3401 sese
649 3339 781 3415 profert,
810 3342 845 3401 in
873 3356 913 3405 eo
943 3344 1088 3404 consistit
1102 3348 1139 3403 ut
1154 3358 1208 3403 res

108 3422 138 3489 ’ξ’-
188 3415 285 3479 finitae
312 3419 498 3481 habeantur
526 3422 679 3498 tanquam
707 3424 802 3481 varie
836 3419 1117 3483 manifestationes
1145 3438 1209 3484 seu

189 3498 271 3571 idea
296 3499 358 3559 sub
384 3500 503 3575 quibus
523 3499 663 3559 absolut
652 3504 716 3559 turn
739 3501 883 3574 seipsum
915 3502 977 3562 sibi
1006 3499 1205 3562 manifestat

156 3622 157 3627 η
174 3568 278 3641 ,Hanc
294 3576 487 3651 doctrinam,
505 3594 600 3655 quarn
618 3579 724 3638 tenuit
737 3578 827 3655 apud
843 3577 940 3641 lndos
952 3580 1064 3641 schola
1076 3579 1207 3642 Vedan·

16 3697 61 3732 a,
79 3714 134 3763 Q
189 3652 263 3729 lica,
298 3661 411 3718 nostra
438 3662 532 3719 atate
562 3654 759 3720 refricarunt
783 3659 987 3721 recentiores
1014 3659 1207 3725 Pantheistae
