2642 4209
210 235 271 298 234
409 253 411 258 ⁴
521 255 702 301 BREl'thiUll
722 256 923 303 rnrnosornnn

210 369 361 447 exquirit.
379 370 446 429 lmo
462 385 527 446 quo
543 368 720 446 perfectior
735 376 784 432 est
803 372 958 451 cognitio,
987 387 1026 431 eo
1052 373 1165 434 minor
1194 370 1232 433 fit

209 465 368 511 numerus
381 453 516 510 actuum
531 451 652 526 quihus
667 451 901 529 cognoscibilia
915 451 1077 527 pervadit.

250 530 363 606 ltaque
397 544 439 589 ex
471 531 598 609 anaiysi
628 534 756 591 constat
782 531 1056 607 multiplicitatem
1085 537 1227 593 actuum

209 609 407 672 intrinsecus
431 609 576 687 colligari
602 626 677 672 cum
692 608 887 672 eorumdem
906 608 1170 687 imperfectione.
1187 614 1230 673 At

210 689 419 765 operationes
448 688 566 749 divinae
591 693 678 756 ,sunt
697 687 915 766 perfectionis
946 688 1097 763 infinitae;
1141 708 1225 772 ergo

210 769 388 831 abhorrent
402 783 421 827 a
436 768 582 844 qualibet
595 770 835 845 multiplicitate
851 776 883 829 et
898 768 1159 845 imperfectione.

249 849 300 908 lv.
317 850 567 923 comparatione
580 849 769 909 illustratur.
789 851 817 908 l⁰
831 849 896 921 Sol,
914 848 993 910 dum
1011 850 1116 911 semel
1135 866 1220 928 qua·

209 942 390 1005 quaversus
406 928 512 988 emisit
525 945 603 989 suos
617 926 738 998 radios,
758 929 917 1005 perhanc
932 930 1063 991 unicam
1085 930 1222 993 irradia·

208 1008 342 1081 tionem,
361 1006 449 1068 entia
461 1010 646 1081 innumera,
661 1008 802 1081 diversa,
818 1012 1003 1071 successiva
1025 1010 1121 1071 simui
1150 1010 1219 1071 col·

206 1086 324 1164 lustrat
347 1104 385 1147 ac
406 1087 495 1148 varie
520 1085 635 1162 afficit;
660 1088 740 1148 licet
756 1088 821 1148 iste
841 1104 956 1151 omnes
973 1090 1221 1162 terminationes

206 1172 410 1239 moveantur,
439 1168 489 1227 sol
517 1172 627 1228 tamen
654 1171 830 1244 propterea
857 1174 1118 1241 non-movetur,
1154 1187 1219 1233 nec

206 1241 309 1308 notas
323 1246 491 1320 radiorum
507 1249 700 1309 emissiones
715 1248 854 1325 peragit.
909 1268 911 1271 ¹

219 1328 278 1396 12⁰
295 1350 307 1377 ‹
327 1326 613 1400 Quemadmodum
629 1328 655 1386 si
671 1332 776 1388 totum
792 1342 910 1404 corpus
926 1332 1029 1396 tuum,
1056 1328 1100 1387 ait
1125 1330 1220 1407 llugo

123 1447 125 1450 ψ
208 1405 401 1475 Victorinus,
419 1410 516 1467 esset
541 1408 667 1476 oculus,
696 1420 757 1467 nec
781 1405 871 1467 aliud
894 1406 950 1467 tibi
977 1413 1065 1468 esset
1080 1424 1168 1481 esse,
1186 1412 1220 1471 et

204 1484 429 1569 aliudvivere,
447 1502 658 1563 quocumque
674 1503 710 1546 se
734 1502 787 1547 res
810 1490 965 1557 verteret,
993 1504 1135 1563 presens
1162 1488 1221 1549 tibi

129 1589 131 1597 .
169 1601 172 1605 ,
204 1581 272 1627 non
287 1581 442 1627 essenon
453 1570 582 1643 posset,
599 1566 633 1627 et
647 1566 708 1627 sub
724 1582 789 1627 uno
805 1568 937 1628 visionis
950 1567 1018 1627 ictu
1040 1568 1218 1629 immobilis

145 1695 147 1698 .
206 1660 404 1722 permanens
428 1643 730 1740 comprehenderes
759 1644 920 1723 quidquid
946 1662 1218 1724 quoquoversum

182 1761 184 1764 -
203 1726 239 1806 in
255 1729 435 1802 conspectu
450 1725 589 1787 haberes
607 1746 613 1785 :
629 1741 684 1785 res
700 1726 859 1790 transiret.
879 1729 912 1785 et
936 1731 1038 1787 staret
1061 1728 1155 1799 visio,
1185 1730 1220 1787 et

206 1820 417 1882 quocumque
441 1820 501 1865 sua
526 1822 562 1866 se
586 1806 765 1868 mobilitate
790 1810 933 1867 verteret
960 1807 1059 1867 stanti
1085 1806 1221 1869 nonnisi

204 1899 348 1962 praesens
364 1890 452 1945 esset
468 1883 552 1961 rii).
1066 1939 1068 1944 .

246 1963 312 2025 sed
326 1965 394 2025 haec
407 1961 578 2037 sufficiant,
595 1963 759 2042 siquidem
774 1966 814 2025 ab
833 1964 912 2041 ipsis
932 1963 1103 2039 scripturis
1128 1980 1219 2025 com-

203 2058 379 2104 monemur
404 2062 411 2103 :
438 2046 530 2105 Sicut
553 2044 697 2119 perimet
721 2044 858 2103 muttum
883 2046 1018 2104 comedit
1041 2044 1104 2105 nort
1129 2050 1175 2103 est
1189 2046 1223 2105 ei

204 2122 334 2195 bonum,
358 2125 405 2183 stc
428 2126 669 2199 perscrutator
693 2128 738 2184 cst
760 2124 938 2199 majestatis
970 2126 1174 2199 opprimetur
1201 2140 1222 2184 a

202 2200 313 2276 clorio
334 2202 438 2281 (Prot.
463 2220 537 2277 xxv,
562 2200 634 2281 27);
660 2209 694 2263 et
715 2203 890 2280 Apostolus
915 2204 959 2264 od
982 2206 1064 2264 Rom
1086 2219 1165 2275 :xn,
1188 2204 1218 2265 3.

202 2282 372 2421 thmzptus
396 2299 512 2359 supere
534 2299 634 2359 quom
652 2286 775 2359 oportet
797 2298 922 2359 sapere,
951 2284 1008 2343 sed
1034 2299 1149 2359 sapere
1175 2286 1222 2345 aot

202 2376 238 2423 so
287 2362 417 2423 'etatem
670 2381 671 2385 ¹

244 2441 313 2502 379.
330 2477 368 2486 -
385 2440 605 2501 corollarium
632 2440 655 2499 l.
681 2441 728 2501 Ex
755 2439 1016 2500 immutabilitate
1038 2440 1217 2503 manifeste

203 2521 367 2599 colligitur
379 2521 503 2582 nuliam
527 2535 601 2580 esse
628 2520 663 2579 in
691 2520 750 2580 Dei
766 2520 937 2581 existentia
952 2522 1215 2593 successionem,

202 2602 329 2661 nulium
343 2601 483 2669 initium,
498 2600 692 2677 nullumque
706 2596 817 2668 finem,
834 2615 895 2660 seu
908 2601 1014 2659 Deum
1030 2614 1104 2661 esse
1119 2607 1213 2661 aeter·

202 2696 291 2741 num.
308 2678 390 2759 (464,
407 2675 488 2756 465).
504 2677 552 2741 ,ld
573 2680 672 2740 etiam
694 2679 799 2756 liquet
823 2696 865 2740 ex
890 2695 928 2739 eo
951 2680 1041 2757 quod
1056 2680 1146 2740 Deus
1165 2686 1216 2743 est

203 2774 264 2819 ens
278 2776 297 2820 a
311 2776 360 2831 se,
376 2760 482 2838 prima
507 2763 616 2840 causa,
643 2764 707 2820 etc.
724 2759 898 2820 AEternitas
926 2765 976 2819 est
989 2760 1059 2835 ipsa
1073 2760 1133 2819 Dei
1147 2763 1214 2822 vita

202 2846 366 2917 quatenus
380 2854 580 2915 permanens
602 2842 636 2898 et
649 2840 800 2918 opposita
815 2838 1025 2910 successioni,
1042 2840 1112 2900 sive
1133 2840 1214 2902 reali

201 2920 269 2980 sive
285 2919 444 2995 possibili.
461 2920 550 2980 Sicut
565 2934 644 2995 ergo
660 2919 862 2997 immensitas
878 2916 1019 2979 excludit
1034 2918 1211 2996 imperiec-

201 2998 325 3060 tionem
340 3000 373 3058 in
387 3000 460 3059 loco
483 2999 537 3059 vel
550 2997 668 3075 spatio,
698 3000 742 3059 iia
763 2998 924 3059 eternitas
943 2998 1073 3075 repellit
1093 3000 1212 3061 limita·

201 3080 325 3140 tionem
339 3094 381 3139 ex
402 3094 467 3155 qua
482 3081 613 3154 tempus
634 3077 771 3154 pendet.

240 3158 310 3219 380.
327 3157 602 3219 -Coroltort'om
630 3158 666 3217 ll.
702 3158 748 3218 ux
777 3155 869 3218 dictis
899 3156 1008 3217 elucet
1035 3158 1215 3220 relationes

201 3252 316 3297 omnes
349 3237 436 3297 inter
461 3239 568 3299 Deum
604 3244 636 3297 et
662 3252 715 3297 res
752 3239 877 3297 creatas
900 3252 973 3296 esse
994 3253 1055 3298 ooo
1082 3244 1217 3299 mutuas

199 3314 281 3393 (375,
300 3313 365 3390 lll);
383 3321 459 3378 sunt
475 3320 560 3379 enim
576 3315 682 3376 reales
696 3332 735 3377 ex
747 3320 839 3392 parte
856 3321 1089 3385 creaturarum,
1107 3334 1180 3394 quae
1196 3335 1216 3380 a

199 3396 269 3457 Deo
291 3412 369 3459 vere
385 3396 589 3471 dependent,
605 3395 666 3457 sed
681 3395 792 3473 topicae
808 3400 956 3471 exparte
972 3396 1041 3466 Dei,
1064 3411 1139 3458 cum
1160 3398 1215 3459 ni·

123 3474 125 3478 ’
199 3474 244 3535 hil
258 3479 333 3536 novi
348 3492 409 3553 per
423 3476 494 3536 illas
509 3476 586 3552 poni
608 3476 714 3552 possit
734 3476 767 3535 in
790 3473 897 3537 divina
923 3475 1076 3537 essentia.

231 3642 266 3704 (1)
280 3643 309 3691 t.
321 3644 381 3703 tlt,
394 3643 507 3693 Erudit.
524 3644 611 3704 theol„
625 3658 648 3693 c.
664 3655 707 3691 xx.
