2642 4209
232 243 292 305 204
545 256 723 301 eurviauiun
744 257 946 300 enitosortun

232 410 301 471 322.
318 441 356 453 -—
371 413 606 485 Arpnmentnnc
625 406 1025 485 ntetnpltystcnnt.Taus1S.
1048 406 1170 468 Mundi
1187 421 1251 467 con-

270 491 428 566 tinuantia
448 488 669 550 indubitanter
681 491 743 548 Det
762 490 967 550 eant'stcntt‘nnn
976 487 1108 563 probat.

268 613 363 673 Note.
378 610 478 671 Multa
499 613 577 670 sunt
597 614 794 687 argumenta
815 610 1041 689 metaphysica
1056 612 1160 685 plene
1180 625 1250 669 eon-

230 691 412 760 cludeutia;
430 690 478 749 uti
491 707 522 750 v.
540 706 587 766 g„
604 705 680 765 quae
698 688 917 751 desumuntur
951 698 1019 750 tum
1035 706 1076 750 ex
1098 690 1247 751 necessi—

228 776 296 832 tate
315 774 465 831 lacausae
482 767 667 839 efficientis,
691 775 760 829 tum
775 788 816 831 ex
838 773 1034 833 necessitate
1055 770 1157 831 unius
1185 777 1247 829 tan-

229 856 299 913 tum
312 850 385 911 finis
406 850 521 916 ultimi,
538 883 576 891 -
592 850 711 910 summi
725 854 804 922 veri,
823 886 855 895 -
874 852 963 921 boni,
982 855 1046 910 etc.

268 932 365 991 Prot.
395 933 538 1007 lpsamet
566 930 768 1005 experientia
797 932 1008 991 invictissime
1031 933 1163 989 constat
1180 928 1245 989 dari

230 1011 317 1072 entia
329 1009 563 1087 contingentia,
572 1026 609 1069 ac
622 1007 1243 1090 consequentereffectaseuproducta3

229 1094 294 1152 imo
316 1089 462 1149 mundus
490 1092 561 1164 ipse
587 1094 638 1150 est
659 1093 854 1170 contingens
878 1098 910 1151 et
930 1090 1123 1168 productus.
1148 1090 1243 1165 Atqui

230 1186 290 1229 ens
305 1170 500 1245 contingens
522 1176 555 1230 et
580 1167 779 1244 productum
800 1172 908 1250 arguit
935 1186 994 1230 eus
1020 1168 1243 1229 necessarium

230 1255 263 1310 et
277 1249 532 1325 improductum,
556 1264 617 1309 seu
631 1250 747 1311 Deum.
764 1251 847 1329 Ergo
865 1253 953 1310 Deus
973 1251 1089 1309 existit.

265 1332 376 1405 Major
389 1329 546 1389 suadetur
563 1347 569 1387 :
587 1330 703 1405 Liquet
717 1346 770 1390 res
784 1333 941 1407 plurimas
956 1332 989 1390 in
1004 1328 1075 1389 dies
1099 1326 1239 1404 produci

228 1414 262 1469 et
275 1412 419 1481 interire,
446 1410 553 1487 qualia
576 1414 653 1469 sunt
674 1411 853 1484 praesertim
872 1411 1014 1471 viventia
1037 1428 1044 1467 :
1072 1432 1085 1461 «
1111 1407 1236 1473 Omnia.

226 1490 272 1549 ait
286 1491 472 1551 Lactantius
487 1490 521 1568 (l.
544 1490 575 1559 2,
592 1505 619 1550 c.
648 1490 707 1567 ll),
734 1490 836 1551 tribus
862 1489 1064 1565 temporibus
1090 1494 1238 1549 constare

225 1585 365 1631 necesse
388 1577 448 1640 est,
485 1573 661 1645 praeterito,
690 1572 841 1646 praesenti
867 1576 898 1630 et
929 1568 1055 1634 iuturo;
1085 1568 1239 1643 praeteriti

227 1655 279 1711 est
305 1652 409 1728 origo,
445 1650 618 1723 praesentis
652 1648 846 1719 substantia,
883 1647 984 1709 futuri
1020 1646 1237 1708 dissolutio».

226 1732 351 1790 Dantur
372 1733 484 1805 itaque
501 1731 588 1788 entia
603 1730 827 1805 contingentia
844 1736 876 1789 et
890 1728 1062 1805 producta.

265 1810 306 1869 At
320 1824 387 1869 non
401 1807 501 1869 modo
526 1811 655 1868 constat
668 1810 763 1885 plura
778 1809 847 1869 dari
863 1810 949 1870 entia
965 1808 1188 1884 contingentia
1208 1811 1238 1866 et

228 1888 362 1961 effecta;
379 1888 523 1947 mundus
539 1888 627 1947 enim
640 1888 711 1965 ipse
729 1893 779 1949 est
793 1890 891 1965 plane
908 1889 1103 1967 contingens
1120 1889 1151 1946 et
1165 1904 1235 1964 pro·

228 1965 349 2029 ductus
362 1968 411 2046 (lt,
428 1968 458 2036 4,
475 1964 539 2044 20)

265 2050 566 2125 Minorprobatur:
586 2049 615 2106 l⁰
643 2046 750 2108 Omne
782 2063 843 2108 ens
870 2047 1081 2124 productum,
1111 2046 1151 2107 ah
1179 2046 1235 2107 alio

225 2127 423 2204 productum
440 2132 505 2194 est;
529 2144 627 2203 porro
642 2126 710 2187 haec
725 2142 824 2187 causa
840 2134 890 2188 est
903 2130 957 2187 vel
971 2124 1176 2203 improduota
1188 2126 1234 2186 ret

225 2207 402 2283 producta3
419 2210 446 2268 si
467 2210 621 2284 primum,
638 2210 745 2267 exstat
767 2208 855 2269 Deus
879 2224 940 2268 seu
963 2223 1063 2267 causa
1088 2223 1156 2283 quae
1181 2222 1235 2265 ne-

225 2288 380 2355 cessitate,
394 2304 459 2347 suae
474 2291 600 2347 naturae
617 2289 746 2348 existat.
764 2288 797 2347 Si
808 2286 1039 2363 estproducta‚
1054 2284 1235 2364 producitur

223 2368 264 2429 ab
280 2369 355 2438 alic,
373 2367 537 2443 quodnisi
559 2368 602 2426 sit
628 2383 687 2427 ens
713 2367 970 2443 improductum,
992 2383 1053 2426 seu
1078 2367 1177 2435 Deus,
1197 2366 1232 2425 ab

223 2448 285 2507 alio
300 2446 555 2524 producendum
580 2447 642 2506 hoc
657 2445 748 2507 aliud
766 2464 897 2507 causam
924 2448 974 2508 sui
997 2447 1107 2507 denuo
1129 2450 1232 2521 postu-

221 2527 316 2600 laret,
332 2529 394 2588 nisi
410 2531 498 2586 esset
513 2540 572 2586 ens
593 2525 861 2601 improductum.¹

262 2609 359 2685 Ergo,
376 2607 437 2664 nisi
452 2605 663 2667 admittamus
678 2608 799 2667 seriem
813 2604 970 2667 infinitam
982 2604 1231 2683 contingentium

222 2686 468 2762 productorum,
505 2684 645 2762 quisque
680 2683 776 2746 fateri
813 2685 912 2746 debet
947 2686 1054 2745 Deum
1090 2683 1227 2744 existere.

222 2767 320 2826 Porro
336 2768 440 2826 series
455 2769 531 2824 actu
544 2764 669 2826 infinita
683 2771 849 2843 repugnat
859 2762 952 2843 (447),
965 2764 1034 2825 sive
1045 2765 1228 2825 simultanea

221 2847 275 2914 sit,
291 2848 359 2907 sive
375 2848 576 2918 successiva;
592 2862 670 2905 nam
683 2846 857 2923 utrobique
869 2850 946 2906 sunt
958 2844 1076 2905 eadem
1089 2842 1228 2914 absurda,

223 2926 343 3001 qulbus
365 2926 463 2984 etiam
492 2925 578 2985 athei
613 2925 771 2985 nonnulla
801 2926 954 3001 specialia
968 2924 1097 2985 addunt
1120 2942 1175 2984 εν.
1199 2938 1227 2999 g.

167 3071 168 3074 Ἴ
222 3005 331 3067 Series
347 3010 497 3065 anteacta
508 3006 580 3083 jam
596 3009 684 3065 esset
703 3004 839 3079 infinita,
864 3005 916 3065 eui
940 3006 1101 3081 posterior
1121 3018 1227 3065 novum

222 3100 398 3146 numerum
411 3082 573 3145 inlinitum
588 3083 738 3160 adderet,
754 3086 800 3146 ita
813 3085 1014 3146 haberemus
1034 3103 1041 3143 :

493 3188 655 3250 Infinitum
670 3206 731 3251 seu
747 3210 777 3248 oo
799 3214 839 3243 =
854 3207 884 3244 ω
906 3198 943 3269 ΔΓ
958 3206 988 3247 oo

261 3294 421 3356 Praeterea
432 3311 591 3355 numerus
605 3295 750 3357 infinitus
764 3296 1016 3375 generationum
1028 3296 1226 3357 animantium

224 3391 306 3453 que,
321 3393 352 3436 v.
370 3392 417 3454 g,
433 3376 485 3434 his
500 3376 553 3435 vel
582 3379 632 3435 ter
654 3378 688 3436 in
714 3394 799 3438 armo
825 3376 1025 3453 producunt,
1051 3375 1222 3437 necessario

224 3459 373 3531 aequaret
394 3469 570 3514 numerum
584 3456 837 3532 generationum
851 3456 1032 3529 hominum,
1051 3460 1084 3517 et
1097 3458 1143 3517 sic
1162 3470 1226 3516 vera

225 3537 315 3594 esset
329 3547 476 3609 sequens
491 3532 680 3611 adaequatio
699 3553 705 3593 :

475 3638 989 3715 n><l=u><40ne160,etc.
