2642 4209
211 248 250 307 74
526 264 918 311 nnuvnmuumruosormm

249 382 333 459 Ergo
356 386 453 443 unica
475 385 526 443 est
556 384 589 442 in
620 382 751 442 homine
774 384 892 455 anima,
915 398 986 460 qua
1008 400 1124 445 omnes
1145 398 1227 460 ope-

211 462 355 523 rationes
376 462 445 523 vitae
466 460 681 531 intellectiva,
704 463 775 522 vitae
795 462 955 523 sensitivae
977 466 1010 524 et
1030 466 1100 524 vitae
1121 478 1227 538 vege·

212 542 315 601 tativae
336 545 476 617 prestat.

250 620 346 679 Proh.
380 622 412 681 2³
439 637 532 695 porc.
566 618 599 681 Si
629 623 739 683 anima
767 621 935 681 rationalis
966 638 1034 683 non
1063 618 1231 695 conferret

213 700 342 773 corpori
382 702 488 775 ipsum
529 716 593 761 csse
624 702 771 773 corporis
796 701 934 775 physici,
961 700 1023 761 sed
1054 700 1230 761 dumtaxat

213 778 352 853 corpori,
376 781 408 837 in
440 777 566 841 ratione
599 783 741 855 corporis
759 779 827 858 jam
856 783 1044 849 constituto,
1078 797 1226 842 commue

212 858 337 918 micaret
356 863 457 920 citum
478 858 532 937 (l),
555 866 751 935 sequeretur
772 858 862 935 quod
882 876 1001 938 corpus
1020 863 1135 935 posset
1149 874 1227 921 con·

212 938 301 997 stitni
322 938 356 996 in
379 954 454 999 esse
477 940 621 1013 corporis
643 941 713 999 stne
735 938 861 1000 influxu
881 941 953 999 vitae
973 942 1166 1017 vegetativaa
1194 942 1228 1001 et

211 1017 284 1080 sine
307 1018 474 1078 essentiali
496 1016 690 1093 dispositura
712 1021 868 1095 organica
898 1016 954 1097 (o).
977 1022 1074 1096 Atqui
1104 1018 1228 1079 falsum

212 1109 422 1172 consequens
447 1116 453 1157 :
479 1096 614 1157 evidens
637 1102 687 1158 est
709 1114 828 1174 corpus
850 1098 1025 1158 humanum
1052 1114 1119 1159 non
1150 1113 1226 1159 esse

211 1174 253 1235 ab
276 1176 409 1237 exordio
433 1175 598 1253 quoddam
622 1179 778 1237 minerale
801 1175 892 1253 quod
913 1182 1028 1254 postea
1058 1176 1155 1237 fieret
1176 1180 1223 1237 vi-

211 1270 313 1335 vens3
339 1255 399 1317 sed
420 1261 513 1333 patet
534 1261 636 1316 totum
659 1258 821 1318 efformari
843 1256 904 1317 suh
930 1256 1055 1318 influxu
1077 1256 1229 1334 principii

209 1335 279 1395 vit-a
301 1336 507 1414 vegetativae,
529 1341 562 1396 ct
593 1338 625 1395 in
657 1338 817 1397 omnihus·
839 1337 985 1413 partibus
1016 1338 1118 1411 ipsius
1150 1352 1225 1397 esse

210 1414 338 1492 physici
359 1418 403 1475 ita
431 1416 583 1476 constitui
613 1419 649 1475 ut
680 1419 722 1478 sit
753 1432 872 1491 corpus
904 1418 1105 1495 organicum,
1139 1416 1226 1489 Quid

211 1495 295 1553 enim
327 1496 360 1554 in
391 1511 529 1572 corpore
561 1497 689 1571 concipi
721 1502 833 1571 posset
860 1500 951 1557 extra
977 1495 1130 1556 influxum
1153 1498 1226 1557 vitae

209 1574 401 1650 vegetattvae
423 1576 455 1634 ln
478 1576 629 1635 omnihus
652 1576 802 1651 partibus
824 1578 927 1650 ipsius
947 1592 1021 1636 esse
1036 1576 1164 1653 physici
1178 1573 1226 1636 ita

211 1650 383 1713 constitui?
405 1653 484 1730 quid
503 1659 615 1730 posset
638 1660 727 1715 extra
749 1654 905 1715 influxum
929 1658 1001 1715 vite
1016 1655 1225 1732 vegetativae,

207 1734 245 1791 ut
267 1735 307 1791 sit
329 1750 449 1808 corpus
471 1736 683 1811 organicum?
705 1738 816 1812 ltaque
840 1735 1005 1795 distinctio
1037 1736 1125 1795 inter
1147 1748 1223 1793 esse

206 1812 344 1871 viventis
371 1814 460 1889 quod
494 1811 621 1873 confert
651 1817 769 1883 anima,
794 1822 826 1875 et
849 1830 923 1875 esse
949 1816 1098 1888 corporis
1127 1811 1221 1890 quod

210 1890 412 1967 precederet
441 1891 702 1955 informationem
730 1911 790 1971 per
815 1896 955 1954 animam
976 1895 1031 1954 vix
1064 1894 1224 1954 sustineri

205 1973 327 2047 potest.
933 2009 936 2012 -

237 2064 291 2113 119.
306 2093 338 2101 -
354 2058 543 2115 Corollarium.
559 2066 624 2115 Hinc
639 2066 663 2113 1⁰
678 2066 741 2115 falsa
763 2071 802 2115 est
826 2065 912 2130 opinio
935 2081 1023 2119 eorum
1045 2064 1161 2114 omnium
1180 2056 1225 2135 qui

205 2130 260 2175 tum
275 2126 385 2174 animam
399 2128 535 2177 humanam
559 2126 649 2189 multip
660 2128 737 2187 icant,
755 2135 810 2177 tum
825 2128 972 2177 existimant
994 2143 1048 2176 esse
1071 2128 1099 2176 in
1119 2128 1225 2175 homme

206 2186 334 2251 quoddam
348 2189 498 2253 principium
513 2190 588 2238 vitale
602 2196 646 2238 aut
658 2190 794 2259 plasticum
808 2191 840 2239 ab
853 2190 938 2239 anima
951 2188 1144 2238 diver-sumim-
1157 2190 1224 2252 Spo-

206 2248 694 2313 1111111116111111110111111111001111111
718 2252 749 2301 de
770 2253 863 2313 forma
886 2253 1081 2312 corporeitatiu
1101 2248 1224 2299 distincta

207 2311 239 2360 ab
252 2311 337 2361 anima
350 2310 478 2370 rationali,
488 2319 513 2362 et
526 2314 597 2375 cujus
607 2314 718 2361 officium
733 2317 799 2362 esset
812 2313 966 2361 constituere
975 2327 1068 2376 corpus
1083 2311 1110 2359 in
1124 2312 1225 2360 ratione

206 2372 331 2435 corporis,
346 2374 417 2437 prius
430 2390 505 2437 quam
518 2374 580 2423 illud
594 2374 678 2424 anima
690 2373 808 2423 rationali
821 2375 984 2423 informatur.
999 2373 1118 2425 scoti-stae
1131 2374 1224 2435 qrubus

207 2434 397 2498 adstipulantur
416 2436 542 2485 atomistae
563 2438 727 2496 recentiores,
744 2438 794 2485 PP.
810 2435 940 2494 Palmieri,
957 2436 1086 2492 Ramiere‚
1103 2436 1222 2494 Bottalla,

207 2496 240 2545 D¹'
254 2497 383 2558 Fredault‚
397 2504 449 2550 etc.
463 2498 572 2547 afferunt
585 2498 658 2546 varia
674 2502 823 2562 argumenta
838 2496 980 2563 theologica
995 2500 1034 2547 vel
1048 2496 1224 2565 philosophica

207 2572 264 2621 quae
279 2559 319 2607 hic
333 2576 383 2607 uon
397 2565 471 2609 vacat
485 2561 591 2611 referre.
610 2562 707 2609 Tamen
726 2560 863 2608 notandum
881 2564 920 2608 est
941 2560 1008 2622 quod
1030 2560 1084 2609 PP.
1101 2558 1224 2608 Palmieri

208 2622 234 2667 et
247 2620 357 2670 Bottalla
378 2621 491 2670 rationes
510 2622 674 2731 untiguorum
697 2622 858 2670 scotistarnm
872 2621 1006 2678 refricant,
1020 2619 1076 2669 illas
1091 2619 1223 2684 speciatim

208 2695 267 2738 quae
278 2688 403 2731 eruuntur
419 2690 474 2732 tum
488 2699 519 2731 ex
532 2684 563 2732 de
583 2682 677 2733 nitione
694 2685 772 2732 (iortc.
791 2684 864 2732 Trid.
883 2684 950 2731 circa
964 2684 1066 2731 modum
1076 2688 1223 2743 praesentrae

209 2742 301 2795 Christi
316 2742 343 2791 in
360 2744 529 2805 Eucharistia‚
551 2750 605 2793 tum
626 2761 657 2793 ex
680 2744 812 2794 identitate
834 2742 951 2808 corporis
972 2744 1067 2795 Christi
1086 2744 1114 2791 in
1136 2743 1223 2793 triduo

208 2806 300 2854 mortis
310 2812 336 2853 et
350 2812 409 2855 ante
426 2812 542 2855 mortem.
558 2808 640 2856 Porro
657 2807 699 2855 illa
713 2807 797 2855 omnia
812 2812 963 2870 argumenta
981 2806 1034 2870 jam
1057 2806 1155 2859 dudum
1177 2821 1224 2854 so-

208 2866 261 2915 luta
277 2871 342 2915 sunt.
358 2867 418 2919 Vid.
432 2868 534 2931 Zigliar.
553 2871 627 2917 Sum.
637 2870 714 2930 phil,
729 2872 816 2933 psych.
832 2870 852 2925 I,
867 2869 898 2925 Ii,
914 2884 937 2916 c.
950 2869 974 2929 2,
985 2884 1009 2917 a.
1024 2868 1049 2927 2,
1064 2883 1089 2915 u.
1103 2868 1141 2924 10,
1156 2873 1222 2925 etc.;

208 2928 247 2979 Cf.
261 2927 392 2987 Pontium,
408 2932 484 2980 Oura.
495 2932 565 2993 phil.
581 2932 618 2979 De
633 2931 717 2979 anim.
733 2932 797 2993 disp.
814 2932 836 2989 1,
851 2946 877 2994 q.
895 2931 919 2980 3.

240 3008 295 3058 120.
309 3037 340 3048 -
357 3011 491 3060 Schoiium
505 3012 528 3061 Ι.
546 3010 616 3061 Licet
629 3010 706 3058 homo
719 3010 752 3059 sit
764 3026 845 3059 unum
860 3010 955 3068 vivens,
969 3008 1065 3074 inipso
1078 3015 1165 3058 tamen
1180 3024 1224 3058 re-

207 3085 267 3135 apse
279 3071 407 3134 reperitur
421 3073 472 3123 vita
485 3071 635 3135 vegetatior,
650 3072 702 3120 vita
722 3072 843 3121 sensitiva
864 3077 890 3119 et
913 3071 964 3120 vita
985 3071 1225 3135 intellectumque

207 3137 267 3181 sunt
289 3132 353 3181 varii
374 3134 443 3181 modi
467 3135 558 3196 qubus
580 3133 695 3193 operatio
715 3134 807 3183 animae
821 3134 1011 3197 supergreditur
1027 3141 1146 3183 naturam
1161 3149 1226 3197 pure

206 3195 373 3257 corporalem.
389 3196 429 3245 Ad
443 3196 567 3259 triplicem
582 3197 660 3245 vitam
673 3195 743 3243 illam
757 3195 931 3257 explicandam
946 3195 1038 3252 suflicit
1052 3195 1127 3244 unica
1140 3196 1225 3245 forma

207 3255 386 3317 substantialia,
405 3272 461 3321 quae
476 3258 509 3308 sit
530 3258 674 3307 formaliter
686 3256 851 3317 intellectiva,
866 3262 892 3306 et
906 3256 1049 3306 virtualiter
1063 3257 1185 3307 sensitiva
1198 3262 1225 3307 et

208 3318 356 3382 vegetativa.

237 3432 271 3495 ti)
285 3431 415 3495 Palmieri‚
430 3434 568 3497 Antroph.,
582 3450 605 3483 c.
619 3449 659 3493 111,
674 3436 712 3483 th.
728 3433 767 3482 12.

236 3530 273 3592 (a)
289 3530 330 3579 An
344 3544 435 3591 corpus
449 3530 619 3579 constituatur
632 3530 658 3577 in
673 3545 728 3578 esso
742 3529 866 3592 corporis,
885 3531 925 3579 vel
939 3531 1016 3579 etiam
1034 3529 1062 3578 in
1084 3545 1140 3579 esse
1161 3545 1224 3580 cor-

206 3589 275 3701 ξίἷξ
297 3592 422 3654 orpomici
441 3606 487 3655 per
510 3592 618 3641 formam
641 3592 828 3655 corporeitatis,
843 3592 973 3657 disputant
995 3591 1149 3656 interpretes
1163 3608 1224 3642 soo-
