2642 4209
292 287 490 332 unrtruvsrca
512 286 669 331 suecrius.
686 302 723 310 -—
740 286 940 331 cosuotoou.
1091 261 1143 328 15'

98 402 143 463 ah
160 400 237 473 alic,
255 418 316 463 seu
333 400 484 462 educitur
499 419 517 462 e
532 402 632 462 nihilo
648 417 709 477 per
725 404 938 471 creationem,
955 413 1053 461 secus
1069 400 1125 461 ab·

99 480 204 542 surde
223 481 390 552 diceretur
403 482 575 543 materiam
590 482 632 542 ab
646 482 718 558 ipsa
732 482 870 543 materia
886 479 1035 558 produci.

145 560 284 622 Constat
302 562 334 622 2⁰
348 562 453 622 Deum
469 562 569 622 tibere
582 561 745 621 mundum
756 577 903 632 creasse,
911 574 989 620 nam
999 560 1026 619 si
1036 561 1125 620 Deus
1176 590 1179 595 -

100 643 306 701 necessitate
321 654 387 701 suae
403 644 524 703 natura
540 638 676 701 adactus
702 645 858 714 creasset,
883 640 955 718 jam
978 639 1124 702 muudus

103 725 197 781 esset
211 725 363 790 aternus,
380 721 464 781 sicut
483 731 598 782 omnes
609 718 831 797 perfectiones
853 719 979 790 divine,
997 735 1068 797 quae
1083 735 1125 779 ex

103 799 284 883 hypothesi
307 800 513 860 haberentur
535 803 572 860 ut
596 814 701 862 causae
723 800 916 861 necessarie
938 800 1123 870 creationis,

105 883 187 941 sunt
201 884 338 942 aeteruae.

105 1003 157 1065 23.
177 1005 338 1068 --Taasrs
366 1004 414 1065 lV.
445 1005 584 1067 Mundus
604 1002 740 1064 relative
763 1007 901 1071 tontum,
926 1019 991 1063 nora
1014 1010 1125 1065 eutem

145 1082 302 1156 obsolute,
326 1084 450 1148 censeri
463 1088 566 1160 potest
588 1083 734 1143 omnium
743 1082 950 1157 possibilium
968 1082 1122 1157 optimos.

146 1198 229 1257 Nato
247 1199 287 1257 1⁰.
303 1196 387 1257 Finis
401 1212 513 1257 rerum
535 1196 670 1257 ultimus
695 1200 745 1257 est
769 1192 990 1257 manifestatio
1006 1195 1121 1259 divine

104 1274 233 1355 gloriac3
252 1284 453 1352 quapropter
466 1274 589 1355 gradus
611 1291 712 1353 quem
727 1278 816 1335 Deus
840 1276 915 1335 huic
937 1273 1125 1335 manifesta-

106 1356 189 1416 tioni
204 1371 263 1430 pro
278 1354 370 1416 libito
385 1353 562 1432 praefinivit,
583 1358 635 1416 est
647 1354 746 1433 hujus
761 1354 876 1415 mundi
892 1370 991 1417 causa
1004 1353 1122 1416 finalia.

105 1431 314 1499 Affirmamus
339 1434 507 1499 dumtaxat
530 1434 691 1499 mundum
717 1450 791 1495 esse
815 1434 963 1495 omnium
987 1435 1124 1511 possibi-

105 1514 190 1576 lium
205 1514 366 1589 optimum
380 1519 536 1591 respectu
549 1514 648 1593 hujus
662 1513 736 1576 finis
751 1512 964 1593 assequendi.

147 1594 287 1655 Notaae.
310 1596 407 1654 Juxta
432 1594 644 1655 Leibnitzium
677 1594 818 1672 ejusque
851 1594 1037 1669 discipulos,
1072 1593 1125 1655 hio

107 1670 234 1752 gradus
249 1671 469 1748 perfectionis,
486 1690 585 1751 quem
600 1675 690 1735 Deus
704 1678 740 1736 ut
763 1673 879 1754 mundi
902 1671 1003 1735 finem
1025 1688 1124 1749 praes·

110 1751 208 1823 tituil,
239 1758 327 1815 esset
354 1756 501 1816 omnium
530 1752 735 1830 possibilium
762 1754 935 1813 maximus.
963 1751 1125 1813 Haedoc-

110 1831 314 1909 trinajuua
329 1848 427 1909 quam
443 1834 495 1895 hic
519 1833 664 1894 mundus
690 1834 814 1894 ceteris
839 1831 993 1893 omnibus
1017 1831 1124 1909 possi·

108 1911 232 1975 bilibus
258 1913 302 1973 ita
326 1913 541 1974 antecelleret
564 1920 602 1973 ut
620 1913 709 1974 nullo
724 1916 821 1989 pacto
847 1911 973 1989 aliquid
1006 1912 1126 1974 melius

109 1990 209 2055 condi
224 1990 397 2067 potuisset,
415 1995 616 2067 opttmtsmus
630 1990 816 2067 nuncupari
830 1991 924 2052 solet.

148 2072 314 2133 Probatur
329 2072 443 2148 prima
459 2087 553 2146 pars,
575 2086 698 2147 nempe
726 2068 888 2131 mundum
908 2068 1031 2133 intuitu
1051 2068 1126 2133 tinia

105 2150 279 2227 praestituti
290 2166 364 2211 esse
375 2150 520 2213 omnium
532 2150 736 2226 possibilium
747 2150 1014 2227 optimumn'mls
1026 2166 1127 2226 quem

106 2230 197 2291 Deus
211 2233 245 2292 in
260 2231 359 2291 rebus
375 2227 525 2291 creandis
540 2228 690 2300 intendit,
708 2234 759 2289 est
777 2227 996 2291 manifestatio
1012 2228 1127 2291 divinae

104 2308 336 2387 perfectionis3
355 2309 461 2372 divina
478 2309 565 2370 enim
579 2310 710 2371 bonitas
723 2326 791 2370 non
807 2313 917 2385 potest
929 2309 1015 2369 velle
1038 2326 1124 2386 que·

110 2404 256 2465 cumque
273 2396 362 2450 extra
377 2405 413 2450 se
425 2394 512 2461 sunt,
529 2388 590 2449 nisi
601 2393 738 2467 propter
751 2389 907 2465 seipsam,
920 2396 957 2447 ut
972 2387 1130 2449 demons-

108 2469 248 2531 trabitur
262 2470 293 2530 in
319 2470 485 2548 theologia
509 2469 664 2542 naturali;
688 2468 767 2530 inde
790 2468 831 2529 ad
856 2482 951 2527 suam
974 2467 1125 2546 gloriam,

106 2564 176 2610 non
195 2548 370 2619 internam,
401 2564 471 2626 quae
499 2564 518 2607 a
541 2548 642 2610 rebus
664 2547 762 2610 finitis
787 2546 975 2625 promoveri
996 2546 1124 2623 nequit,

107 2626 171 2689 sed
186 2632 368 2701 externam,
383 2626 418 2689 id
433 2632 494 2698 est,
510 2626 552 2689 ad
569 2629 750 2690 divinarum
764 2625 1005 2704 perfectionum
1018 2626 1126 2687 mani·

107 2704 332 2780 testationem,
367 2709 456 2769 Deus
488 2706 551 2768 hoc
584 2710 777 2770 universum
810 2705 992 2785 plasmavit.
1026 2708 1127 2783 Atqui

109 2792 372 2851 consentaneum
387 2794 437 2849 est
451 2786 566 2848 divinae
586 2788 752 2864 sapientie
775 2792 812 2846 ut
834 2784 944 2847 media
966 2783 1024 2845 fini
1047 2802 1124 2863 pro-

136 2867 218 2928 osito
234 2868 396 2943 aptissime
410 2867 715 2928 accommodentur.
740 2868 825 2944 Ergo
849 2864 1005 2936 mundus,
1031 2864 1126 2925 cu‘us

107 2882 184 3008 finis
199 2954 250 3008 est
263 2947 330 3007 hec
349 2944 566 3007 manifestatio
594 2946 708 3008 dlvinae
735 2944 958 3024 perfectiouis,
988 2959 1049 3004 seu
1069 2883 1126 3007 hic

109 3026 235 3111 gradus
249 3024 531 3099 manifestationis,
550 3025 651 3087 debet
664 3028 741 3088 huic
760 3024 816 3087 fini
840 3024 1024 3085 rectissime
1047 3035 1124 3083 con-

108 3122 245 3186 gruere,
260 3122 298 3165 ac
313 3105 447 3178 idcirco,
465 3106 570 3181 posito
585 3106 640 3167 illo
655 3105 722 3167 fine
747 3121 847 3183 quem
867 3106 957 3165 Deus
970 3102 1125 3176 intendit,

110 3190 144 3247 et
157 3184 257 3247 modo
274 3202 339 3262 quo
353 3185 443 3245 illum
457 3184 609 3260 intendit,
625 3186 694 3247 hac
707 3200 818 3245 rerum
841 3183 1037 3245 universitas
1059 3198 1126 3244 non

106 3267 220 3343 potest
235 3280 309 3325 esse
320 3265 447 3331 melior,
464 3280 525 3326 seu
539 3264 614 3327 huic
628 3264 685 3326 fini
700 3261 879 3343 perfectius
896 3263 1084 3326 collineare.

147 3346 300 3405 Secunda
308 3360 401 3419 pars.
418 3342 559 3415 Mundus
577 3361 645 3407 non
671 3350 721 3406 est
738 3343 887 3405 omnium
906 3342 1123 3420 possibilium,

111 3422 254 3485 obsolute
268 3423 449 3501 loquendo,
465 3426 639 3486 maximus

148 3504 246 3563 Proh.
279 3506 308 3563 1ο
334 3503 493 3564 Voluntas
519 3502 629 3565 divina
660 3518 728 3564 non
755 3500 944 3564 necessario
974 3499 1127 3561 determi-

109 3584 220 3651 natur,
236 3581 297 3643 sed
317 3582 422 3645 libera
446 3587 498 3644 est
519 3585 554 3644 iu
579 3582 743 3645 electione
803 3580 892 3641 adus
913 3577 1128 3658 perfectionis

112 3675 214 3740 quem
228 3660 353 3725 mundo
368 3663 553 3741 praestituit;
584 3662 676 3741 atqui
690 3664 736 3724 'in
788 3661 913 3721 octrina
928 3658 1127 3737 -Optimismi
