2642 4209
363 749 682 825 THEOLOGIA
706 742 1011 823 NATURALIS
1036 746 1104 822 (a).

273 1141 342 1202 308.
359 1171 397 1181 -
417 1139 604 1214 Tlteotopin
617 1155 658 1200 ex
673 1140 743 1215 ipsa
755 1139 896 1199 nominis
909 1139 1123 1217 etymologia,
1140 1140 1224 1215 signi-

230 1219 307 1283 fioat
321 1219 364 1279 de
375 1220 445 1280 Deo
460 1221 621 1281 rationem
636 1223 705 1280 sive
721 1235 920 1280 sermonem.
938 1219 1005 1280 Sed
1019 1221 1106 1278 inter
1121 1235 1159 1278 ea
1170 1234 1226 1294 qua
1283 1274 1285 1307 Ι

232 1303 314 1370 Dee,
332 1301 429 1358 etiarn
442 1305 478 1358 nt
489 1306 634 1371 nauseat,
647 1300 882 1366 attribuuntur,
894 1301 997 1360 multa
1009 1297 1226 1375 duplici'l'heo-
1283 1310 1285 1363 ἐ

233 1381 322 1459 logia
337 1375 494 1456 cognosci
508 1384 658 1454 possunt,
677 1381 816 1439 naturali
835 1380 959 1441 scilicet
989 1384 1023 1439 et
1046 1384 1229 1455 supernata·
1283 1376 1284 1459 l

234 1462 295 1522 rali
312 1480 318 1519 :
335 1459 485 1519 notnrcti
498 1456 644 1534 quidem,
662 1463 825 1537 quatenus
841 1476 883 1520 ex
906 1459 1080 1520 effectibus
1103 1457 1168 1519 hac
1186 1474 1228 1517 co-

236 1543 457 1621 gnoscuntur;
482 1540 740 1612 supernaturali,
773 1540 906 1617 quando
926 1540 993 1600 liaeo
1019 1538 1160 1617 cognitio
1175 1540 1230 1598 sive
1284 1546 1286 1595 Ι

236 1639 296 1698 per
314 1621 472 1680 visionem
487 1616 675 1677 beatificam
686 1621 755 1679 sive
777 1637 837 1696 per
852 1619 995 1681 divinam
1008 1619 1231 1679 revelationem
1284 1626 1285 1629 ’

240 1700 416 1762 obtinetur.

280 1778 501 1854 Quamobrem
515 1777 641 1838 ratione
657 1779 760 1838 rnedii
771 1795 832 1839 seu
847 1780 988 1850 tnntinis,
1003 1779 1122 1854 triplex
1133 1775 1232 1836 distin·
1285 1818 1287 1837 .

240 1862 297 1938 gui
322 1862 430 1935 potest
452 1857 643 1935 Theologia,
669 1873 791 1935 nempe
814 1859 957 1933 visionis,
990 1859 1191 1918 revetationis
1207 1861 1233 1916 et
1285 1926 1286 1933 ἵ

240 1938 509 1998 ratiocinationis.
524 1938 655 2015 Triplex
671 1940 758 1998 enim
770 1944 820 1998 est
830 1941 943 1998 lumen
959 1954 1024 2016 quo
1039 1940 1128 1998 Deus
1142 1935 1231 1996 homi-

240 2019 337 2078 nibus
352 2017 524 2076 innotescit
541 2037 548 2077 :
565 2018 679 2077 lumen
700 2019 821 2096 gloriae,
848 2020 962 2078 lumen
984 2017 1062 2078 fidei
1089 2018 1232 2078 etlumen

240 2099 375 2158 rationis
390 2097 556 2157 naturalis.
574 2100 609 2158 ln
624 2103 686 2158 bac
703 2099 894 2159 tractatione
910 2099 1016 2176 agitur
1043 2095 1233 2159 solummodo
1286 2088 1288 2121 ²

242 2177 285 2238 de
299 2177 477 2254 'lbeologia
493 2178 760 2252 ratiocinationis
784 2194 905 2255 nempe
922 2179 963 2239 de
979 2180 1063 2250 Deo,
1089 2182 1236 2255 quatenus

240 2259 365 2318 lumine
381 2256 513 2316 rationis
527 2259 682 2318 naturalis
699 2266 731 2318 et
739 2276 801 2336 per
816 2276 855 2320 ea
870 2276 939 2334 qnae
953 2260 1141 2333 factasunt,
1157 2257 1237 2318 nobis

241 2338 393 2476 patescllt.
428 2335 497 2409 Qua
526 2335 568 2397 de
605 2354 714 2411 causa,
745 2340 812 2398 haec
844 2344 1056 2415 nuncupatur
1082 2337 1237 2412 Theotopio

241 2418 414 2478 lanternis.

284 2491 444 2558 Naturalis
459 2497 557 2572 igitur
569 2495 749 2574 'theologia
764 2515 783 2558 a
796 2498 1037 2574 supernaturali
1054 2497 1170 2571 diflert,
1183 2512 1239 2556 non

243 2577 397 2654 primario
426 2577 458 2634 et
482 2575 624 2636 totaliter
649 2577 760 2652 quoad
785 2579 952 2657 objectum
981 2578 1163 2649 materiate,
1190 2574 1240 2635 sed

245 2657 356 2734 quoad
371 2657 539 2736 objectum
552 2656 708 2730 formate.
725 2659 879 2718 Formalis
908 2658 996 2717 enim
1010 2661 1093 2718 ratio
1120 2658 1173 2717 snb
1187 2672 1241 2731 qno

244 2735 417 2813 theologia
446 2737 715 2811 supernaturalis,
741 2739 774 2795 in
789 2738 984 2800 revelatione
999 2739 1061 2797 sita
1087 2742 1149 2808 est,
1175 2735 1241 2795 dum

244 2817 326 2876 ratio
353 2814 496 2876 formalis
518 2816 694 2895 theologiae
721 2819 877 2878 naturalis
899 2822 949 2877 est
973 2818 1123 2877 naturale
1149 2816 1242 2875 tomen

245 2897 393 2968 rationis,
422 2912 486 2974 quo
498 2895 652 2956 veritates
672 2895 714 2956 ad
735 2899 840 2957 Deum
864 2901 1054 2972 spectantes
1077 2896 1172 2957 nobis
1193 2909 1243 2971 per

247 2979 358 3036 creata
373 2974 515 3037 visibiles
530 2974 726 3038 redduntur.

285 3055 355 3117 309.
371 3088 409 3098 -
434 3055 483 3116 Ad
507 3061 656 3116 nostrum
675 3057 858 3118 institutum
880 3056 1090 3126 accedentes
1120 3069 1243 3131 prasen-

246 3140 315 3197 tem
330 3137 553 3196 tractationem
578 3140 702 3196 ratione
729 3137 782 3196 tali
803 3135 1057 3198 distribuamus:
1077 3137 1105 3194 l‘·
1129 3136 1245 3209 Quaere·

245 3230 320 3275 mus
351 3214 515 3291 quomodo
539 3217 627 3276 Deus
650 3217 766 3294 generi
793 3217 937 3278 humano
966 3233 1040 3277 sese
1065 3215 1248 3275 naturaliter

248 3295 518 3372 cognoscendum
533 3293 801 3368 manifestaverit,
818 3295 861 3356 ita
875 3303 912 3357 ut
927 3313 968 3356 ex
990 3297 1052 3356 bac
1076 3293 1247 3356 manifesta·

247 3374 336 3436 tione
354 3376 516 3451 possimus
540 3379 644 3435 Denrn
667 3379 855 3436 existentem
878 3378 1003 3437 ratione
1025 3376 1205 3453 intelligere
1222 3374 1248 3431 el

248 3453 485 3515 demonstrare.
512 3455 587 3514 llaec
612 3454 790 3533 disquisitio
815 3456 915 3516 veluti
936 3458 1107 3517 transitum
1133 3452 1249 3515 exbibet

251 3670 256 3680 Ι
280 3610 313 3679 (1)
328 3609 393 3660 Vide
409 3610 505 3679 Sumtn.
521 3612 608 3662 Theol.
631 3613 694 3724 ap
709 3629 734 3676 q.
753 3613 897 3673 ll-xxl1;
914 3616 1010 3689 Summ.
1031 3613 1126 3678 philos.
1152 3613 1247 3674 lib.1·¹;

249 3686 277 3720 111
289 3671 355 3722 libi
369 3673 443 3724 Sent.
456 3672 517 3724 dist.
530 3674 561 3735 Π,
576 3674 608 3722 lll
620 3690 644 3739 q.
689 3679 715 3724 et
727 3676 751 3755 2,
767 3676 840 3737 Vlll;
852 3677 883 3726 de
902 3677 1030 3740 Veritate,
1040 3692 1065 3741 q.
1080 3678 1157 3741 lI-V3
1167 3680 1211 3728 etc.
