2642 4209
150 318 153 323 ,
272 265 470 311 marnvsrm
490 262 646 309 senentis.
664 282 701 291 -
715 267 821 310 rnnon.
844 266 911 310 uir.
1011 322 1014 327 Ι
1040 235 1117 308 231'

122 382 317 443 Intellectus
331 386 365 443 et
378 383 529 444 voluntas
548 380 633 442 inter
656 382 812 443 attributa
834 379 1019 459 respectiva
1042 382 1100 441 aut

78 463 196 539 potius
211 462 379 538 operativa
393 478 411 522 a
426 460 591 522 nonnullis
605 467 823 523 recensentur
838 458 892 539 (l),
915 476 982 521 non
1001 475 1099 521 secus

80 556 120 602 ac
149 540 369 612 Providentia,
398 558 469 619 quae
496 541 707 616 operationes
734 543 889 619 importat
916 539 1099 601 intellectui

80 621 185 682 simul
200 626 231 682 et
246 619 406 683 voluntati
422 636 623 683 communes.

120 702 171 763 Ex
184 702 354 763 recensitis
368 701 596 777 partitionibus
611 715 766 778 quaenam
780 700 807 761 si
822 698 1015 773 accuratior,
1030 714 1098 763 non

80 782 311 861 mquiremus3
341 780 561 842 determinare
587 782 676 842 enim
704 781 803 842 talem
832 779 1098 842 distributionem

82 877 160 924 esse
174 862 229 925 vel
241 861 340 923 unice
355 866 465 939 aptam
478 861 531 921 vel
545 860 702 937 aptiorem
720 861 892 939 negotiosa
905 874 959 920 res
975 862 1036 919 est.

457 992 721 1055 ARTltlULUSll.

315 1120 361 1177 Dc
376 1116 537 1177 attributis
550 1118 585 1177 iu
597 1118 701 1194 specte
714 1118 872 1193 spectatis.
975 1166 979 1172 .

127 1244 197 1305 375.
213 1242 421 1302 -Naturam
437 1241 577 1303 divinam
592 1242 626 1301 in
640 1244 708 1303 suis
724 1238 993 1319 perfectionibus,
1009 1240 1099 1303 velu-

82 1324 110 1384 ti
134 1323 241 1384 solem
264 1322 297 1381 in
320 1320 420 1382 radiis
444 1324 695 1397 promicantem,
724 1319 934 1383 considerare
955 1325 1097 1397 oportet.

81 1403 157 1463 lam
179 1407 276 1463 autea
298 1400 341 1461 ad
358 1399 645 1462 determinandum
660 1401 740 1479 quid
756 1405 795 1464 sit
814 1402 914 1475 Deus
937 1400 1101 1479 quosdam

84 1481 252 1560 ejusmodi
279 1481 389 1543 radios
417 1481 609 1554 Divinitatis,
638 1482 695 1559 qui
722 1482 818 1543 nobis
844 1481 935 1543 illum
963 1482 1100 1543 Deitatis

82 1562 192 1622 solem
205 1561 428 1637 maximopere
443 1562 596 1639 aperiunt
609 1566 643 1621 et
657 1560 902 1639 quodammodo
912 1559 1097 1639 indigitant,

82 1657 145 1715 pro
170 1640 325 1703 imbecilli
348 1640 608 1703 mentis‘nostrae
627 1642 709 1715 acie,
738 1642 947 1718 contemplati
970 1657 1097 1703 sumus..

82 1721 179 1783 Nunc
192 1724 343 1780 remanet
355 1723 392 1780 ut
407 1718 448 1784 de
468 1718 557 1782 hisce
580 1721 743 1782 attributis
768 1720 935 1797 speciatim
961 1722 1097 1799 eloqua-

83 1818 161 1861 mur
182 1816 254 1877 quae
271 1800 325 1861 vel
342 1799 542 1877 peculiarem
562 1800 707 1878 aliquam
726 1798 951 1862 difficultatem
964 1801 1097 1873 habent,

83 1881 138 1942 vel
172 1883 321 1950 nostrum
358 1878 400 1939 de
434 1880 504 1941 Deo
540 1886 739 1959 conceptum
773 1880 878 1961 magis
920 1896 959 1940 ac
992 1882 1099 1959 magis

85 1958 279 2023 distinctum
300 1956 454 2020 efficiunt.

122 2041 197 2100 lam
223 2053 301 2100 vero
330 2038 485 2100 attributa
509 2037 615 2100 divina
642 2039 829 2100 nominibus
852 2037 1014 2116 negativis
1046 2038 1100 2099 vel

85 2117 289 2182 affirmativis
302 2116 544 2194 significantur;
560 2119 648 2180 hinc.
665 2119 698 2179 in
713 2118 817 2197 primo
833 2119 1039 2197 paragrapho
1056 2118 1099 2179 de

82 2198 256 2276 precipuis
271 2198 432 2260 attributis
446 2200 619 2277 negativis,
635 2199 670 2261 in
688 2198 848 2273 secundo,
872 2198 913 2259 de
936 2197 1099 2260 attributis

84 2278 233 2356 positivis
247 2293 348 2355 agere
364 2276 507 2355 expedit.

172 2395 192 2457 ἓ
210 2394 230 2447 1.
251 2393 292 2446 De
305 2390 459 2446 attributis
477 2392 528 2448 Dei
547 2391 695 2461 negativis
709 2390 740 2445 in
755 2391 852 2461 specio
870 2391 1010 2463 spectatis

123 2498 194 2560 376.
211 2534 251 2544 -
263 2498 426 2574 Praecipua
442 2491 595 2558 attributa
609 2498 763 2577 negativa
777 2505 855 2559 sunt
878 2500 996 2571 unitas
1024 2500 1098 2559 sim·
1134 2497 1140 2555 .’

83 2578 223 2655 plicitas,
255 2578 509 2648 immutabilitas
540 2580 745 2639 immensitas
781 2583 813 2638 et
845 2579 1099 2655 incomprehen-

84 2657 233 2719 sibilitas.
269 2659 341 2719 lam
375 2663 473 2719 antea
507 2657 549 2718 ad
583 2657 742 2719 unitatem
783 2661 817 2718 et
858 2656 1100 2737 simplicitatem

84 2737 345 2814 conspiciendas,
396 2754 467 2815 quae
500 2737 721 2813 appellatione
766 2736 900 2816 quidem
946 2736 1101 2801 videntur

84 2820 302 2897 proprietates
330 2814 541 2888 affirmantes,
570 2817 632 2878 sed
666 2834 783 2879 revera
811 2822 888 2878 sunt
922 2822 1097 2897 negantes

85 2898 221 2959 obtutus
244 2901 374 2959 nostros
399 2895 620 2972 admovimus;
644 2912 734 2958 nunc
760 2914 839 2977 ergo
859 2914 895 2959 se
910 2893 1005 2959 nob'ls
1020 2898 1099 2960 offe-

85 2983 162 3039 runt
177 2984 244 3062 tres
258 2978 470 3056 posteriores

443 3090 463 3138 1.
476 3089 514 3137 De
528 3086 745 3138 immutabilitate.

85 3187 398 3348 (tbznffl)dmmus
424 3187 503 3267 quid
530 3193 563 3249 et
584 3185 767 3266 quotuplex
792 3186 832 3249 sit
852 3187 1100 3251 immutabilitas

125 3389 196 3451 377.
213 3420 251 3429 -
273 3387 386 3447 Tarsis
401 3387 424 3447 l.
440 3389 524 3447 Deus
538 3373 726 3448 estomm‘ao
739 3387 964 3448 immutabitis.

125 3504 219 3563 Nota.
235 3500 289 3561 llic
304 3501 414 3578 agitur
428 3497 470 3559 de
483 3498 744 3560 immutabilitate
759 3498 918 3571 absoluta,
942 3516 1002 3561 seu
1024 3514 1096 3561 me·

117 3625 295 3691 (t)1‹¹rassen.,
310 3628 387 3674 tract.
401 3623 425 3673 Il
438 3623 526 3684 theol,
541 3624 574 3672 de
586 3624 641 3673 Deo
654 3623 834 3673 essentialiter
849 3636 975 3688 operante
1008 3664 1011 3672 ,
1095 3666 1096 3671 ,
