2642 4209
195 252 236 315 46
501 266 682 312 suavissimi
703 265 905 311 ruinosorma

195 378 337 443 neratim
359 379 481 440 docent
503 394 578 439 esse
599 382 633 441 in
648 371 1002 459 vegetatihus'aliquod
1016 379 1217 458 principium

196 460 382 531 activitatis,
414 475 476 520 seu
507 460 652 537 aliquam
673 460 893 521 substantiam
912 460 1160 537 incompletam,
1197 475 1217 519 a

195 540 319 603 viribus
342 540 489 601 cuimicis
512 544 545 600 et
566 539 722 618 physicis,
744 555 827 617 quas
856 539 919 601 sibi
938 540 1082 618 subjicit,
1115 538 1218 617 plane

197 619 479 757 diversarullllud
499 618 698 697 principium
721 624 771 680 est
791 619 862 697 ipsa
883 621 1085 699 vegetalium
1108 618 1216 680 forma
1310 663 1311 666 ,

197 700 378 763 substantia
393 699 432 759 10.
808 738 810 740 »
1311 727 1313 752 !

236 782 272 841 ll.
297 781 412 841 Utrum
433 778 500 838 baec
520 774 626 837 forma
647 778 690 837 sit
712 778 883 839 divisibilis
913 779 966 840 vel
985 777 1218 840 indivisibilis?
1311 837 1312 854 2

197 858 388 921 Scholastici
407 857 558 935 plerique
581 855 704 918 docent
719 854 843 921 formas
855 858 1041 934 plantarum
1055 872 1124 919 non
1139 872 1217 919 esse
1311 863 1312 886 0

197 938 362 1015 simplices
385 937 496 1017 quoad
518 938 736 1015 quantitatem
757 942 791 998 et
810 938 1023 1000 indimsibiles
1046 958 1054 998 :
1077 953 1165 1009 nam,
1181 953 1215 997 v.

197 1034 244 1098 g,
268 1016 423 1080 dividitur
442 1017 526 1089 vitis,
552 1021 586 1077 et
606 1031 683 1092 pars
706 1015 810 1079 divisa
831 1018 918 1079 vivit.
934 1020 1051 1097 Agitur
1066 1034 1146 1098 ergo
1160 1017 1216 1077 liic

199 1100 241 1161 de
263 1098 471 1174 simplicitate
493 1096 604 1173 quoad
624 1098 803 1157 essentiam
824 1101 962 1171 tantum,
985 1114 1048 1159 scu
1074 1098 1116 1159 de
1141 1098 1216 1158 uni·
1312 1133 1313 1146 ,

198 1182 264 1241 tate
287 1177 391 1238 activa
409 1177 507 1255 hujus
527 1175 676 1253 principii
697 1176 814 1238 vitalis.
1312 1203 1313 1206 ¹

123 1264 124 1267 ’
237 1259 403 1319 Probatur
423 1258 446 1317 1.
469 1256 640 1333 Vegetalia
665 1258 694 1315 10
713 1255 841 1332 legibus
869 1256 1088 1335 subjiciuntur
1109 1256 1217 1317 diver·
1313 1321 1314 1324 ,

198 1338 242 1398 sis
261 1353 413 1413 prorsum
434 1353 453 1396 a
474 1336 606 1413 legibus
620 1350 796 1412 corporum
815 1336 1098 1415 inorganicorum;
1113 1336 1216 1397 201111-
1313 1391 1314 1404 ,

197 1418 279 1479 bent
300 1417 584 1492 orponizotionem,
616 1412 756 1475 formam
786 1416 965 1494 quamdam
996 1421 1216 1487 constantem,
1313 1413 1314 1454 ³

198 1500 306 1557 ortum
329 1496 562 1564 elimentum,
587 1498 663 1567 etc,
688 1494 808 1572 quibus
823 1496 1043 1558 essentialiter
1058 1495 1218 1558 differunt
1314 1561 1316 1585 Ι

198 1592 216 1637 a
238 1590 305 1636 non
326 1576 526 1645 viventibus;
550 1575 582 1634 30
601 1571 757 1635 1101111101
777 1592 855 1637 vera
876 1578 1014 1643 unitate,
1038 1581 1138 1652 atque
1153 1574 1217 1636 sibi
1314 1594 1316 1632 r

198 1656 342 1717 identica
364 1657 494 1716 suntin
515 1654 670 1714 omnibus
698 1655 765 1714 suis
797 1656 1044 1731 operationibus
1074 1656 1144 1717 sive
1174 1655 1217 1716 si·

199 1734 385 1805 multaneis,
410 1736 478 1795 sive
500 1735 697 1795 successivis
721 1753 729 1795 ε
751 1734 804 1795 1110
824 1733 921 1814 fagus
935 1736 1081 1796 nascitur
1104 1750 1144 1796 ex
1164 1750 1217 1795 se-

200 1818 300 1888 mine,
325 1814 452 1887 crescit,
475 1816 604 1882 arescit,
632 1813 781 1875 inuritur.
1315 1851 1317 1877 ;

239 1896 338 1970 Atqui
358 1894 444 1955 vires
464 1893 606 1972 physice
628 1898 660 1954 et
681 1893 878 1955 mechanicae
901 1894 931 1954 10
952 1894 1051 1955 etiam
1071 1908 1219 1971 operan-
1315 1903 1316 1912 ¹

202 1980 254 2035 tur
274 1973 309 2033 in
328 1972 553 2047 mineralibus,
578 1989 649 2051 quae
671 1978 740 2036 no'n
753 1978 831 2035 sunt
845 1973 996 2047 viventia,
1013 1973 1217 2051 atqnehisce

200 2054 457 2132 proprietatibus
485 2070 601 2114 revera
631 2054 801 2128 orbantur,
836 2068 968 2114 necnon
1006 2055 1039 2114 2⁰
1071 2054 1219 2130 impares
1316 2095 1318 2128 :

202 2139 279 2195 sunt
299 2150 361 2212 per
381 2150 417 2194 se
440 2132 483 2194 ad
504 2133 701 2209 explicanda
723 2134 791 2194 haec
811 2130 897 2193 iacta
927 2137 962 2202 et
990 2133 1076 2193 hanc
1105 2133 1219 2212 legem

202 2214 375 2275 activitatis
396 2218 453 2275 aut
473 2214 563 2274 illam
585 2212 770 2273 mirabilem
790 2213 963 2273 unitatem.

241 2295 327 2372 Ergo
349 2296 383 2355 in
404 2294 522 2370 plantis
544 2296 594 2352 est
615 2292 813 2369 principium
833 2292 967 2370 aliquod
1000 2295 1030 2353 1⁰
1050 2291 1220 2353 diversum

202 2392 220 2436 a
240 2373 362 2435 viribus
384 2388 476 2433 mere
498 2373 643 2453 physicis
661 2377 694 2432 et
716 2372 872 2444 chimicis,
894 2377 996 2449 atque
1017 2373 1050 2432 2⁰
1064 2388 1170 2433 unum
1184 2375 1220 2431 et

202 2453 353 2530 simplex,
377 2456 513 2610 propter
531 2452 693 2513 unitatem
715 2456 748 2513 et
768 2452 975 2513 identitatem
989 2452 1089 2531 hujus
1102 2455 1216 2514 viven-

203 2535 243 2595 tis
278 2535 314 2607 ll,
337 2534 400 2595 75.

246 2534 362 2687 1)(110001
383 2611 554 2687 mojorem,
585 2608 797 2671 manifestum
828 2613 878 2673 est
906 2610 1065 2687 nepotatio
1094 2610 1221 2686 tepidus

204 2692 267 2754 sibi
275 2692 423 2769 propriis
444 2691 572 2765 soojtci.
601 2690 730 2752 Etenim
755 2693 782 2752 1⁰
804 2705 921 2752 eorum
943 2691 1077 2751 nutritio
1100 2689 1136 2751 fit
1156 2689 1220 2750 vir-

205 2776 276 2833 tute
296 2770 472 2832 intrinseca
494 2773 594 2847 atque
616 2786 677 2847 per
705 2785 818 2832 veram
847 2770 1079 2832 alimentorum
1111 2775 1219 2831 trans·

204 2851 422 2913 mutationem
457 2848 491 2909 in
527 2850 745 2911 substantiam
779 2849 858 2924 aliti,
900 2866 968 2912 nou
1007 2854 1120 2912 autem
1158 2864 1221 2927 per

184 2944 331 2992 ,meram
348 2928 642 3009 juxtapositionem
658 2929 803 3007 partium
825 2933 917 2990 extra
937 2933 1062 3007 partes,
1082 2934 1121 2990 ut
1142 2944 1220 2989 cou-

205 3010 304 3090 tingit
323 3009 357 3069 in
380 3010 511 3071 entibus
532 3009 754 3089 inorganicis3
776 3011 807 3071 2⁰
829 3009 937 3071 auctio
962 3007 999 3070 fit
1024 3009 1039 3087 j
1089 3015 1122 3071 ta
1149 3006 1219 3069 for·

203 3106 292 3153 mam
307 3089 508 3151 strictissime
525 3088 780 3150 determinatam
795 3094 829 3150 et
842 3090 873 3151 vi
888 3088 1219 3161 activitatisinternae3

204 3172 236 3233 3⁰
257 3182 373 3232 omnes
394 3168 604 3245 operationes
618 3169 735 3230 vitales
748 3171 782 3231 in
795 3183 900 3230 unum
916 3168 991 3247 quid
1008 3166 1222 3248 efficiendum

200 3254 337 3313 coeunt.
961 3291 963 3294 -

20 3336 22 3343 “
64 3328 66 3333 ’
246 3326 363 3404 Quoad
383 3329 552 3398 mitterem,
574 3325 906 3390 animadvertendum
928 3332 980 3389 est
1001 3330 1102 3391 etiam
1135 3326 1222 3387 vires

189 3406 416 3479 attractionis,
440 3406 645 3480 adhaesionis,
678 3406 857 3479 affinitatis,
888 3412 966 3481 etc,
998 3407 1061 3468 sibi
1090 3406 1222 3468 relictas

112 3540 135 3547 ,
207 3486 416 3551 uniformiter
438 3486 567 3562 operari
581 3487 615 3548 in
630 3487 783 3549 omnibus
798 3486 930 3549 entibus
945 3489 1125 3563 corporeis.
1140 3486 1223 3548 Sunt

112 3568 114 3571 ’
164 3566 165 3569 ’
189 3570 289 3647 'ergo
310 3567 396 3629 vires
418 3583 488 3644 quae
509 3569 660 3627 naturam
680 3570 844 3628 mortuam
864 3582 932 3628 non
954 3570 1222 3644 exsuperantem

163 3710 164 3713 ,
208 3645 349 3727 proinde
370 3644 509 3707 seorsim
528 3648 668 3723 sumpta
687 3644 832 3724 impares
851 3645 895 3712 ad
916 3645 1112 3725 explicanda
1141 3646 1223 3724 phe·
