2642 4209
231 274 293 335 224
540 287 718 332 saeviamus
738 282 933 329 runosorarar

644 434 772 497 CAPUT
794 434 844 496 lll.

619 594 659 637 DE
679 593 861 641 A'I‘l'RlBU'l'lS.

273 720 343 783 362.
365 720 486 781 -Per
506 719 699 781 attributum
720 717 866 780 divinum
883 720 978 781 multi
995 720 1143 801 theologi
1159 720 1244 782 intel·
1284 742 1285 745 ¹

232 802 338 879 ligunt
365 800 399 861 id
434 798 525 878 quod
553 801 732 861 essentiam
761 798 915 873 divinam,
955 801 1025 861 suis
1070 798 1245 876 predicatis

236 878 466 943 essentialibus
485 879 554 958 jam
572 879 784 941 constitutam
808 884 841 940 et
865 878 1128 952 determinatam,
1154 879 1244 942 afficit

234 976 273 1022 ao
299 958 425 1039 perficit
443 979 461 1020 ·:
490 958 580 1019 unde
608 960 643 1019 in
670 959 731 1020 bac
758 962 922 1021 sententia
954 976 1022 1021 non
1059 958 1245 1037 predicatur
1287 1002 1288 1028 ,

235 1040 464 1102 essentialiter.
499 1039 698 1101 Attributum
731 1038 832 1118 igitur
865 1038 1025 1100 definiunt
1056 1058 1063 1100 :
1096 1042 1244 1116 Perfectio

233 1120 386 1195 simplex,
403 1119 546 1181 obsolute
561 1126 590 1179 ct
603 1121 783 1181 iecessario
803 1122 842 1181 de
862 1122 929 1179 Deo
947 1120 1169 1196 predicabilis
1190 1138 1245 1197 per

235 1201 369 1259 modum
381 1201 499 1274 forme
517 1200 697 1275 adjacentis
718 1197 772 1278 (l).
798 1199 969 1274 Quatenus
990 1200 1182 1261 attributum
1201 1205 1246 1261 est

234 1276 394 1356 perfectio
418 1278 460 1339 de
479 1280 549 1339 Deo
570 1279 715 1339 absolute
742 1278 969 1355 predicabilis,
1000 1280 1244 1358 distinguitura

235 1358 352 1421 divinis
365 1359 593 1421 relationibus
609 1359 811 1420 attributum
831 1359 927 1421 etiam
949 1357 1105 1421 definitur
1125 1359 1243 1437 perfec·

234 1440 277 1500 tio
301 1441 481 1500 necessario
502 1439 729 1517 predicabilis,
751 1443 789 1499 ut
812 1439 1029 1501 excludantur
1048 1454 1165 1501 omnes
1184 1457 1244 1502 res-

235 1522 352 1596 pectus
365 1519 461 1580 liberi
475 1536 535 1580 seu
547 1520 726 1579 relationes
741 1520 802 1581 Dei
817 1518 859 1580 ad
875 1524 1053 1581 creaturas

276 1598 483 1659 consideran
517 1614 597 1676 ergo
633 1599 744 1660 solent
778 1600 934 1660 attributa
966 1605 1002 1660 ut
1029 1595 1244 1677 perfectiones
1290 1583 1291 1667 l

237 1679 436 1740 accedentes
452 1694 512 1739 seu
526 1676 746 1764 superaddite
761 1676 805 1739 ad
820 1694 907 1750 esse,
924 1676 1003 1739 dum
1017 1676 1243 1755 perfectiones,
1290 1678 1291 1689 ’

237 1773 313 1836 que
328 1774 396 1836 prae
412 1763 524 1820 nostro
541 1756 749 1834 concipiendi
765 1757 862 1819 modo
878 1759 1043 1819 habentur
1064 1763 1101 1818 ut
1122 1774 1243 1836 expres-

237 1840 354 1978 sione?l
370 1841 473 1913 ipsios
493 1855 569 1911 esse,
592 1838 813 1915 proprietates
832 1836 1008 1917 (obsolute)
1027 1854 1242 1916 sepenumero
1291 1837 1292 1917 l

239 1932 257 1977 a
312 1934 329 1977 e
356 1922 463 1979 antur.
1291 1920 1292 1959 ³

262 1934 401 2058 pTpamen
421 1999 472 2059 hic
488 2014 507 2057 a
522 1996 752 2058 controversiis
769 1996 1014 2075 Theologorum
1035 1996 1243 2076 dijudicandis

239 2080 322 2142 circa
336 2079 553 2155 questionem
566 2094 609 2139 an
623 2078 779 2138 attributa
798 2078 863 2140 sint
887 2080 933 2138 cte·
946 2080 1082 2139 essentia
1105 2076 1157 2157 (2),
1179 2079 1243 2139 abs·
1292 2089 1293 2175 l

238 2158 390 2297 tdinemus.
409 2160 522 2237 ltaque
537 2159 590 2219 hic
604 2162 719 2218 noster
737 2163 935 2233 conspectus
956 2161 1007 2218 est
1025 2173 1110 2233 pure
1130 2158 1243 2219 metho·
1292 2176 1293 2193 ¹

261 2252 343 2297 rcus.
1185 2271 1188 2277 ·

279 2317 349 2379 363.
384 2352 423 2362 —
455 2318 577 2378 Verum
612 2314 656 2377 ad
689 2316 740 2376 rei
773 2315 936 2394 majorem
971 2317 1243 2396 perspicuitatem,

238 2397 423 2459 notandum
438 2402 489 2458 est
508 2398 702 2459 attributum
723 2393 876 2458 trifariam
899 2400 1051 2473 usurpari
1079 2419 1086 2459 :
1116 2402 1144 2460 1⁰
1167 2399 1245 2459 lctis-

241 2479 331 2551 simc,
350 2484 514 2557 quatenus
529 2478 684 2553 importat
698 2475 932 2553 quodcumque
956 2475 1168 2552 predicatum
1188 2480 1246 2541 Deo

238 2557 393 2619 tributum
430 2578 438 2619 ε
474 2560 507 2618 2⁰
539 2559 693 2629 strictius,
723 2571 782 2632 pro
827 2558 916 2616 omni
947 2555 1152 2631 perfectione
1185 2560 1245 2619 Deo

238 2638 418 2700 intrinseca
446 2642 480 2698 et
507 2637 671 2715 objective
702 2634 926 2705 convenienti;
953 2637 997 2696 ita
1021 2654 1140 2699 omncs
1167 2636 1247 2699 modi

241 2716 356 2779 divine
369 2716 524 2779 Essentie
538 2716 692 2778 attributa
716 2714 780 2777 dici
803 2718 943 2791 possunt
968 2734 975 2775 ε
1003 2716 1036 2776 3⁰
1058 2718 1247 2778 strictissime

238 2794 715 2874 usurpaturpro-perfectione
740 2794 891 2871 simplici,
916 2811 1015 2873 quam
1040 2796 1075 2857 in
1100 2798 1247 2859 creaturis

241 2878 492 2953 conspicientes,
510 2878 579 2937 Deo
595 2874 778 2946 tribuimus,
793 2878 832 2935 ut
842 2873 1068 2951 perficientem
1081 2880 1248 2939 essentiam

241 2952 465 3094 ‹gi-vitnamJam
478 2955 649 3035 adequate
671 2956 882 3017 constitutam
903 2956 938 3015 in
960 2957 1089 3017 ratione
1110 2958 1248 3019 essentia

268 3053 372 3099 1r1ne.

286 3122 323 3181 ln
339 3118 491 3195 presenti
505 3132 644 3195 agemus
662 3118 692 3177 1⁰
706 3113 749 3177 de
764 3113 926 3176 attributis
950 3116 984 3176 in
1009 3118 1175 3178 communi
1195 3136 1202 3177 :
1223 3119 1251 3175 et

241 3198 377 3281 quidem
392 3198 583 3259 attributum
596 3196 651 3256 hic
665 3196 734 3256 late
749 3195 898 3262 sumitur,
922 3211 1045 3271 nempe
1068 3213 1129 3272 pro
1154 3195 1249 3274 quali-

238 3283 298 3343 bet
312 3275 517 3357 perfectione
532 3276 654 3349 divina,
671 3276 739 3338 sive
754 3274 821 3336 bec
837 3275 965 3336 dicatur
978 3278 1174 3352 proprietas,
1190 3277 1251 3339 sive

240 3363 283 3423 sit
303 3360 493 3421 attributum
508 3358 618 3419 stricte
639 3359 821 3433 sumptum,
838 3361 978 3431 excepta
997 3360 1107 3416 tamen
1128 3354 1250 3433 perfec·

241 3444 330 3503 tione
347 3453 418 3518 que
433 3437 578 3499 essentia
590 3439 728 3497 vocatur
750 3433 801 3514 (ll,
823 3432 905 3515 355).
926 3436 1012 3496 1112ο
1036 3436 1172 3501 articulo
1191 3437 1248 3499 dis-

273 3581 307 3643 (1)
323 3578 460 3643 Tcuruely,
476 3580 508 3629 de
520 3579 585 3640 Deo,
600 3593 622 3629 c.
640 3592 676 3627 rr.

273 3675 309 3740 (2)
324 3677 431 3737 Suarez,
446 3676 478 3725 de
491 3676 556 3737 Deo,
569 3675 590 3724 1.
603 3675 624 3739 1,
638 3691 662 3726 c.
679 3688 716 3726 xr.
