2642 4209
413 341 415 344 Ι
453 284 547 350 mnrx
568 282 752 344 srnonmous
1053 266 1112 344 269

127 411 159 463 II.
178 407 221 463 De
237 412 300 473 uita
313 407 476 471 sensitiva.
492 407 596 468 Differt
610 407 698 461 avita
712 407 879 491 vegetativa
889 407 920 475 in
931 406 1022 462 lacul-

89 482 158 533 tate
173 478 321 534 sentiendi
336 482 366 533 et
382 492 447 533 sese
461 477 609 532 movendi.
1075 478 1109 531 47
1201 474 1206 482 “

129 553 241 605 Tuusrs
253 552 274 604 Ι.
290 548 556 604 Βναῖᾶνᾶηἱτηειὶῐα
565 548 713 617 facultate
727 548 888 603 sentiendi
897 548 1028 619 proprie

92 620 181 675 dicta
203 620 352 690 paudent,
379 634 448 674 nam
471 619 581 674 habent
603 620 747 690 sensoria,
772 650 808 659 -
827 621 1022 690 experiuntur
1058 662 1059 667 1

45 748 49 756 ,
91 693 295 763 sensationes‚¹
303 694 386 745 motu
401 693 563 761 spontaneo
578 689 720 759 gaudent.
730 714 739 739 .·
772 758 773 761 Ἴ
912 723 914 726 -
1053 730 1054 735 1

131 765 284 818 Tussisll.
306 763 427 816 Anima
451 762 618 815 brutorum
642 760 858 831 intcttipentia
878 762 1022 824 orbatum
1054 806 1055 809 ,

94 837 179 889 earet
197 834 276 887 euim
290 832 605 887 ideisunirersalibus.
970 872 974 877 -
1078 833 1112 889 ts

132 908 243 959 Tussis
257 905 302 958 111.-
325 904 528 973 Principium
548 904 621 957 vitae
639 903 676 956 in
695 902 872 972 pecudibus
888 906 932 957 est
942 902 1023 977 sim-

93 974 182 1045 ptex‚
198 975 302 1045 quoad
314 975 485 1029 essentiam
506 976 534 1027 et
549 974 758 1044 quantitatem
776 993 782 1027 :
800 989 868 1028 nam
888 976 916 1029 1⁰
935 976 1024 1029 bruta

93 1046 200 1116 plures
223 1046 312 1100 simul
340 1047 536 1115 experiuntur
559 1045 752 1115 sensationes‚
781 1049 812 1099 et
840 1048 1024 1105 sensationes

94 1118 213 1187 elapsas
227 1132 295 1171 eum
309 1116 505 1185 praesentibus
520 1115 671 1185 colligant.
692 1116 722 1169 3⁰
736 1115 918 1185 Principium
933 1116 1024 1171 vitale
1093 1177 1094 1183 χ
1157 1120 1158 1125 ’

93 1188 128 1242 in
142 1188 216 1257 ipsis
231 1189 343 1241 fruitur
357 1188 472 1240 unitate
486 1187 636 1240 essentiali
647 1184 817 1255 etphy'sica.
837 1216 870 1227 -
887 1186 988 1241 Corot.
1001 1190 1020 1242 Ι.

94 1260 203 1313 Anima
218 1258 375 1312 brutorum
394 1261 439 1312 est
454 1257 630 1314 substantia.
657 1255 758 1311 Ceret.
784 1260 815 1313 ll.
839 1260 908 1313 Haec
927 1260 1024 1313 oritur

97 1343 153 1399 per
171 1330 353 1384 creationem
367 1329 534 1399 quamdam.
1079 1329 1112 1383 49
1199 1344 1200 1347 =
1243 1308 1277 1358 ’.’

132 1403 243 1455 Tussis
258 1402 303 1455 lV.
319 1401 440 1453 Anima
452 1400 619 1453 brutorum
634 1414 671 1453 ex
685 1414 717 1452 se
727 1415 746 1453 a
761 1414 890 1469 corpore
906 1400 1025 1471 depen-

97 1470 203 1525 datin
219 1470 393 1541 existendo,
410 1484 478 1524 nam
494 1473 630 1540 separata
644 1470 803 1524 orbaretur
816 1484 941 1539 prorsus
956 1486 1022 1541 ope-

97 1542 215 1596 ratione
230 1545 260 1595 et
273 1541 342 1596 fine.
359 1571 393 1582 -
417 1540 518 1596 Corot.
536 1541 602 1596 Vita
624 1541 655 1595 in
671 1542 767 1596 brutis
792 1541 941 1597 amittitur
968 1556 1022 1613 per

93 1612 350 1667 annihilationem.
1076 1615 1111 1667 52

133 1684 175 1737 lll.
191 1684 235 1737 De
256 1686 317 1737 uita
333 1681 537 1737 inteltectiua.
554 1682 621 1737 Vita
635 1682 816 1737 intellectiva
842 1683 873 1736 in
897 1682 1024 1738 diversis

97 1754 242 1821 gradibus
256 1754 448 1824 perfectiouis
467 1754 617 1823 reperitur
632 1755 661 1807 in
676 1754 804 1816 homine,
821 1753 851 1807 in
863 1754 977 1825 angele,
993 1755 1024 1809 iu

95 1827 169 1880 Deo.
444 1831 446 1834 '
1075 1828 1110 1881 53

313 1941 512 2001 APPENDIX
525 1942 580 2001 AD
595 1940 892 2003 COSMOLOGIAM.

198 2098 236 2140 DE
257 2096 430 2166 Erruurrssus
446 2095 538 2139 LEGES
556 2098 684 2140 NATURAE
704 2096 1029 2145 TRANSGREDIENTIBUS.

94 2191 227 2267 Effectus
236 2212 278 2265 illi
289 2214 359 2267 sunt
373 2212 422 2266 vel
437 2188 680 2295 supernaturales
692 2214 740 2267 vel
749 2216 1021 2283 praeternaturales.
1078 2221 1113 2275 55

94 2332 150 2392 §1-
181 2332 221 2383 De
239 2329 458 2400 supernaturali
481 2330 722 2399 thaumaturgico
747 2344 798 2385 seu
827 2331 863 2386 de
883 2334 1025 2390 miraculo

486 2402 608 2470 proprie
628 2401 718 2456 dicto,

135 2525 156 2577 Ι.
177 2524 218 2579 De
235 2522 384 2577 miracuti
395 2524 520 2576 natura.
1079 2534 1114 2586 56

133 2600 244 2652 Tussis
258 2596 278 2647 1.
297 2592 493 2647 iliiracutum
516 2594 647 2663 proprie
676 2594 800 2650 dictum
824 2597 907 2652 uires
930 2602 1027 2655 totius

98 2673 222 2725 naturae
237 2671 343 2718 creatae
358 2664 466 2733 atiquo
483 2664 577 2719 morto
597 2667 743 2720 excedere
760 2668 858 2733 debet,
877 2684 962 2725 secus
981 2674 1026 2725 ri-

98 2751 207 2812 gorose
222 2750 281 2789 non
295 2738 374 2788 esset
388 2750 433 2788 res
452 2734 647 2791 admiratione
663 2736 760 2807 digna.
776 2739 881 2794 Sciret.
898 2742 1025 2797 Miracu-

99 2814 128 2867 la
148 2808 268 2881 proprie
282 2806 361 2859 dicta
375 2805 437 2859 solo
451 2806 503 2859 Dei
517 2807 641 2876 imperio
664 2808 749 2880 liunt,
776 2810 843 2864 licet
867 2812 1025 2883 aliquando

23 2910 25 2918 ν
100 2881 281 2938 concurrant
294 2891 388 2929 causae
409 2876 556 2931 secundae.
1079 2890 1114 2943 56

135 2956 246 3007 Tussis
261 2949 292 3002 ll.
310 2946 465 3014 Miracuta
482 2948 613 3017 proprie
637 2949 723 3004 dicta
746 2958 822 3005 sunt
843 2954 1023 3021 possibilia,

99 3038 169 3080 nam
183 3019 363 3075 intrinsecus
378 3033 437 3072 uon
451 3023 629 3089 repugnant,
641 3023 671 3074 et
681 3024 757 3075 Deus
772 3025 818 3075 est
827 3025 1023 3094 omnipotens.
1069 3032 1114 3084 ’57

134 3098 244 3150 Tussis
259 3091 301 3143 Ill.
317 3087 549 3144 iliu-acutorum
562 3090 639 3156 sinis
654 3091 691 3144 in
706 3090 771 3146 soto
786 3094 900 3149 ordine
910 3112 1025 3167 super-

98 3162 242 3220 naturali
257 3160 450 3230 continetur,
472 3160 731 3226 nammiraculum
750 3166 796 3217 est
811 3164 964 3236 derogatio
979 3169 1024 3223 le-

97 3237 184 3305 gibus
203 3230 403 3302 uaturalihus;
422 3234 570 3299 praeterea
588 3233 665 3285 ratio
685 3230 834 3303 sufficiens
853 3238 951 3307 operis
971 3252 1026 3295 su-

96 3303 295 3379 pernaturalis
315 3301 402 3355 debet
425 3315 490 3355 esse
513 3302 626 3356 ordinis
646 3306 891 3372 supernaturalis.
921 3309 1022 3367 Corot.

96 3381 174 3449 Ergo
191 3375 259 3429 finis
277 3373 487 3430 miraculorum
507 3376 553 3428 est
572 3375 622 3427 Dei
642 3374 744 3443 gloria.
764 3375 870 3433 Senot.
904 3382 1028 3439 Miracu-

97 3450 126 3504 la
144 3447 306 3503 veritatem
326 3441 470 3497 doctrinae
489 3442 697 3500 testificantur.
941 3450 944 3457 ’
1080 3459 1113 3511 57

132 3522 166 3574 ΙΙ.
189 3518 233 3573 De
255 3513 489 3569 miraculorum
513 3516 693 3585 peneribus.
721 3516 839 3587 Triplex
863 3524 909 3575 est
932 3539 1026 3591 genus

97 3588 332 3647 miraculorum:
354 3584 461 3639 divisio
480 3586 509 3639 S.
529 3587 655 3659 Thomas,
672 3591 702 3645 et
723 3588 847 3665 partitio
861 3592 912 3648 vix
930 3594 1027 3651 diver·

99 3676 132 3718 sa
151 3657 363 3716 nonnullorum
381 3656 600 3725 theologorum.
949 3736 951 3743 y
1081 3671 1116 3725 58
1217 3646 1218 3651 ¹
