2642 4209
865 314 1046 360 INDEX
1087 315 1196 359 SYN
1204 315 1335 359 OPTl
1345 313 1452 361 CUS
1461 344 1475 358 .

530 450 567 513 ἓ
601 448 667 503 11.
696 449 779 502 De
800 446 1013 502 animae
1050 447 1321 502 humanae
1360 445 1804 517 spiritualitate.

224 560 632 633 spiritualitas
676 561 966 632 importat
1012 560 1453 631 simplicitatem
1499 564 1561 617 et
1606 560 2014 632 independen-

150 632 301 688 tiam
332 646 367 689 a
400 632 672 687 materia.
1686 624 1693 650 ⁸

224 706 466 759 THEsis.
506 702 750 758 Anima
782 702 1067 758 humana
1096 705 1185 757 est
1232 700 1620 772 spiritualis,
1668 702 1882 760 Anima
1907 717 2017 774 per

147 773 523 829 intellectum
561 777 622 828 et
660 774 1026 829 voluntatem
1055 774 1214 828 elicit
1238 774 1614 844 operationes
1643 788 1772 844 quae
1801 774 1874 830 ab
1913 788 2017 829 or-

149 860 310 914 gano
338 844 636 899 materiali
661 859 781 899 non
807 844 1087 915 pendent.
1120 846 1275 914 Ergo
1305 847 1432 915 ipsa
1470 845 1666 900 anima
1703 860 1810 901 seu
1838 859 2013 901 causa

151 916 370 971 harum
408 915 823 986 operationum
862 930 897 970 a
935 915 1182 969 materia
1218 918 1479 985 pendere
1521 916 1747 986 nequit.
1801 915 2006 973 Corol.

149 987 312 1056 Ergo
332 987 518 1041 falsus
554 990 649 1041 est
684 986 1161 1042 materialismUS.
1193 986 1407 1042 schol.
1447 987 1809 1058 Principium
1846 988 2013 1057 cogi-

150 1058 403 1112 tationis
423 1061 487 1112 et
508 1057 757 1112 materia
784 1058 1091 1112 attributis
1116 1057 1373 1114 invicem
1408 1059 1812 1129 pugnantibus
1831 1072 2008 1114 cons-

152 1131 311 1200 tant,
352 1127 605 1198 ideoque
640 1126 941 1184 differunt.

927 1224 1325 1281 ARTICULUS
1361 1225 1426 1280 11.

607 1340 684 1395 Dc
714 1341 911 1394 anima
939 1342 1111 1393 relate
1136 1340 1211 1392 ad
1238 1354 1435 1408 corpus
1461 1344 1724 1409 spectata.

217 1452 469 1509 Animus
516 1456 608 1509 est
653 1453 845 1509 forma
894 1452 1303 1509 substantialis
1351 1455 1621 1525 corporis
1672 1474 1687 1509 :
1737 1455 1876 1512 inde
1912 1457 1977 1511 in

145 1524 359 1581 ordine
388 1526 464 1581 ad
491 1538 707 1596 corpus
735 1524 1101 1581 considerari
1128 1523 1325 1579 debetss

466 1642 502 1704 g
532 1641 572 1693 Ι.
606 1641 688 1694 De
716 1639 947 1693 unitate
975 1637 1188 1692 animae
1215 1637 1277 1691 in
1306 1651 1558 1708 corpore
1586 1639 1864 1696 human0.

214 1742 428 1868 letes
466 1746 607 1798 sunt
642 1742 975 1814 philosophi
1013 1742 1117 1813 qui
1155 1742 1445 1797 unitatem
1484 1742 1698 1799 animae
1734 1744 2008 1800 humanae

142 1827 339 1882 negan
374 1855 387 1869 .

213 1887 458 1939 Tnnsffi.
505 1885 546 1939 Ι.
605 1883 808 1940 Unica
846 1885 935 1938 est
981 1883 1055 1938 in
1106 1883 1368 1938 homine
1415 1884 1651 1951 anima,
1698 1899 1836 1955 quae
1886 1887 2008 1942 tria

139 1955 291 2010 vitae
318 1954 552 2010 munia
578 1956 849 2027 praestat,
891 1970 963 2009 ac
997 1954 1275 2025 proinde
1325 1957 1416 2011 est
1469 1954 1671 2011 simul
1714 1959 2006 2027 veqetati-

138 2040 240 2107 pa,
272 2026 581 2082 sensitiva
613 2029 671 2081 et
722 2023 1191 2105 intellectuali&
1224 2039 1454 2081 necnon
1501 2027 1739 2098 corpori
1775 2031 2008 2084 confert

133 2111 340 2168 ipsum
394 2110 525 2154 esse
570 2110 857 2167 corporis,

211 2167 401 2223 Prob.
455 2169 510 2223 1·
563 2169 737 2223 Pars.
770 2166 928 2222 Idem
957 2168 1049 2221 est
1076 2166 1250 2221 homo
1280 2166 1383 2237 qui
1410 2168 1610 2223 varias
1639 2170 2006 2226 sensationes

132 2240 468 2311 experitur,
501 2252 706 2295 omnes
734 2237 1109 2308 operationes
1147 2236 1510 2292 reflectendo
1555 2240 1789 2310 relegit,
1839 2245 1900 2296 et
1945 2242 2008 2296 in

132 2324 260 2379 quo
290 2310 647 2381 colligantur
701 2323 907 2363 omnes
956 2308 1330 2378 operationes
1369 2309 1600 2380 vitaleS‚
1641 2313 1710 2365 ut
1745 2313 2008 2368 testatur

133 2382 501 2436 conscientia
543 2399 555 2434 :
605 2392 787 2451 porro
843 2379 969 2434 haec
1022 2380 1221 2433 omnia
1281 2381 1661 2448 expostulant
1714 2384 2006 2439 unitatem

133 2452 416 2522 principii
444 2452 604 2522 quod
629 2452 756 2506 haec
785 2451 981 2505 omnia
1008 2448 1207 2504 efficit.
1238 2448 1426 2504 Prob.
1446 2454 1508 2505 2ἸΙ
1529 2465 1698 2520 pars,
1723 2453 1782 2508 Si
1809 2455 2006 2511 anima

136 2536 261 2576 non
321 2525 621 2577 conferret
684 2536 816 2577 esse
880 2520 1149 2590 corporls
1213 2522 1572 2590 sequeretur
1633 2523 1793 2592 quod
1877 2538 2006 2580 cor-

134 2607 251 2662 pus
280 2594 748 2649 constitueretur
775 2592 903 2647 sine
931 2588 1156 2646 influxu
1188 2592 1332 2646 vitae
1360 2592 1737 2666 vegetativae‚
1769 2597 1830 2650 et
1876 2601 2003 2651 sine

134 2664 443 2719 essentiali
461 2664 832 2719 ordinatione
851 2664 929 2718 ad
956 2663 1383 2732 organismum.
1404 2665 1578 2733 Ergo.
1613 2662 1818 2721 Corol.
1847 2669 2002 2736 Ergo

134 2734 201 2787 in
237 2734 477 2790 homine
520 2748 641 2789 non
678 2736 771 2789 est
812 2733 1171 2804 principium
1209 2734 1392 2787 vitale
1437 2736 1542 2789 aut
1577 2735 1890 2805 plasticum
1927 2737 2000 2793 ab

134 2804 336 2860 anima
362 2806 684 2861 diversum.
732 2803 942 2860 Senot.
990 2807 1031 2858 1.
1066 2804 1201 2860 Vita
1237 2804 1601 2877 vegetativa,
1651 2807 1777 2862 vita
1805 2808 1998 2863 sensi-

131 2875 263 2931 tiva
300 2879 361 2931 ot
387 2875 771 2947 intellectiva,
810 2878 950 2930 sunt
984 2874 1105 2930 tria
1140 2874 1345 2930 munia
1381 2875 1647 2945 ejusdem
1684 2880 1998 2935 animae.—

129 2944 349 3003 Schol.
369 2949 431 3003 Π.
444 2949 849 3002 Postmortem
866 2946 1072 3017 forma
1091 2946 1319 3000 cadave
1328 2946 1458 3001 rica
1478 2947 1741 3003 succedit
1758 2952 1990 3007 animae.

203 3021 443 3075 THEsis.
487 3020 547 3074 11.
601 3017 846 3072 Anima
903 3015 1291 3071 intellectiva
1345 3032 1481 3072 non
1538 3021 1628 3072 est
1674 3021 1872 3076 unica
1925 3025 1998 3077 in

132 3090 385 3145 cunctis
433 3088 829 3144 hominibus.
878 3088 1025 3143 Nam
1054 3088 1430 3157 operationes
1477 3089 1658 3143 animi
1685 3104 1806 3146 non
1853 3097 1997 3150 sunt

131 3174 476 3216 communes
530 3159 804 3214 omnibus
868 3158 1239 3228 hominibus;
1291 3184 1362 3199 —
1413 3160 1506 3214 tot
1561 3164 1704 3217 sunt
1761 3166 2000 3234 agentia

132 3230 409 3287 distincta
444 3233 589 3303 quot
616 3233 757 3286 sunt
792 3229 1079 3285 homines,
1114 3230 1291 3299 Ergo.

518 3350 557 3412 5
590 3346 657 3402 11.
696 3347 778 3400 De
813 3343 1035 3400 unione
1071 3343 1285 3400 animae
1320 3357 1459 3400 cum
1497 3360 1767 3419 corpore.

201 3461 370 3517 Circa
411 3461 564 3517 hanc
599 3460 989 3531 quaestionem
1026 3460 1099 3516 de
1128 3461 1510 3518 commercio
1549 3466 1731 3522 animi
1767 3470 1828 3524 et
1866 3484 1994 3526 cor-

128 3532 293 3604 poris
320 3534 522 3604 plures
551 3533 692 3588 sunt
720 3530 883 3587 falsae
912 3532 1223 3587 sententiae
1249 3551 1262 3586 :
1289 3534 1347 3589 10
1376 3533 1648 3603 Systema
1675 3552 1990 3598 causarum

132 3603 605 3675 occasionalium,
648 3601 809 3673 quod
844 3605 1120 3658 mutuum
1164 3604 1456 3659 influxum
1492 3609 1806 3679 utriusque
1842 3612 1987 3668 sub-

133 3674 367 3732 stantiae
400 3672 656 3747 explicat
688 3687 799 3745 per
832 3674 1126 3731 actionem
1160 3673 1442 3733 divinam.
1484 3678 1626 3750 Ejus
1652 3680 1882 3740 falsitas
1909 3696 1985 3740 ex

2072 297 2185 358 271

2113 634 2181 689 {351
