2642 4209
298 270 497 317 unrslrnrsma
519 270 675 317 sranius
692 288 730 297 -
745 270 953 316 rsrcnonocm
1096 256 1135 315 77

154 388 247 460 ilinc,
271 388 358 447 inter
377 386 436 447 has
458 386 658 450 substantias
679 386 854 447 harmonio
874 387 984 447 existit
999 401 1041 445 ex
1054 402 1133 461 pra·

107 467 255 533 scientia
277 466 382 529 divina
405 467 616 543 proveniens,
639 466 779 542 proinde
800 466 945 527 stabilita
965 469 1042 527 ante
1064 482 1134 526 mu·

108 550 205 605 tuam
227 548 399 623 utriusque
422 546 609 609 substantiae
632 546 869 622 operationem.
894 546 929 604 ln
959 544 1022 605 hac
1054 560 1134 623 ergo

107 626 304 704 hypothesi,
339 624 448 689 anima
478 626 609 687 seriem·
623 626 854 702 'operationum
876 639 1006 685 suarum
1035 624 1134 695 elicit,

110 708 179 777 cui,
203 703 237 767 vi
260 704 472 782 congruentis
493 706 675 777 electionis,
689 702 927 779 correspondet
940 706 1043 764 series
1058 720 1135 781 ope·

108 786 282 845 rationum
316 786 461 861 corporis
495 806 501 846 :
533 784 746 861 quamobrem
778 783 857 843 dum
887 784 993 843 anima
1027 782 1135 843 ideam

111 865 256 938 arboris,
279 880 309 925 v.
332 879 380 941 g.,
404 865 565 939 efformet,
584 865 743 940 contingit
765 861 855 939 quod
877 862 994 924 eodem
1008 864 1132 923 instan-

111 946 139 1005 ti
161 958 283 1021 corpus
304 942 450 1019 proferat
464 961 580 1005 vocem
594 945 731 1014 arboris,
747 959 848 1021 quam
862 941 983 1002 eodem
997 959 1133 1018 prorsus

111 1022 220 1084 modo
242 1024 433 1101 protulisset
454 1028 482 1083 si
503 1023 612 1083 anima
631 1038 811 1099 numquam
832 1019 959 1082 fuisset.
1015 1061 1018 1068 ,

157 1102 242 1164 lllud
263 1108 418 1182 systema,
442 1110 558 1181 preter
579 1101 796 1163 absurditates
817 1102 995 1177 superioris
1025 1105 1132 1180 syste·
1205 1127 1213 1140 ’

112 1186 225 1255 matis,
248 1187 428 1260 sequentes
449 1186 598 1259 proprias
620 1182 683 1243 sibl
702 1180 847 1241 vindicat
870 1200 877 1240 :
904 1184 917 1241 l
965 1181 1136 1241 Rationem

114 1261 337 1323 sufficientem
360 1264 545 1324 izornmercii
573 1266 660 1321 inter
680 1276 800 1336 corpus
822 1264 856 1320 et
886 1259 1037 1334 animam,
1077 1277 1141 1321 ex-.

115 1344 293 1403 trinsecam
313 1340 401 1413 facit,
426 1346 458 1401 et
480 1341 556 1401 inde
578 1341 661 1401 idem
685 1342 825 1399 existere
847 1344 958 1416 potest
972 1355 1136 1400 commer-

117 1425 206 1481 cium
229 1422 315 1481 inter
336 1423 478 1481 animam
511 1426 543 1481 et
573 1436 703 1496 corpus
728 1421 755 1479 si
775 1420 879 1497 prima
900 1420 933 1479 in
959 1418 1135 1497 syderibus

116 1506 209 1561 esset
231 1502 340 1561 autin
362 1500 523 1561 contraria
539 1506 630 1561 terrae
643 1498 793 1577 regione,
818 1503 851 1559 et
872 1499 1009 1559 alterum
1024 1500 1057 1559 in
1080 1500 1136 1560 tali

114 1580 193 1641 loco
215 1579 306 1658 globi
329 1580 501 1641 terrestris.

157 1661 191 1719 2⁰
235 1661 380 1719 Destruit
410 1659 609 1731 libertatem;
648 1657 751 1718 series
782 1656 867 1716 enim
908 1659 1134 1733 operationum

115 1742 218 1799 unius
249 1738 437 1799 substantia
474 1743 525 1799 est
556 1738 706 1799 absolute
745 1740 778 1795 et
799 1737 1053 1796 ineluctabiliter
1075 1737 1133 1797 de·

117 1818 307 1891 terminata,
331 1834 428 1878 secus
463 1818 716 1895 abrumperetur
736 1814 916 1875 harmonia.

159 1899 212 1957 tlt.
237 1901 385 1973 Spstetnu
413 1898 558 1971 influens
581 1896 710 1972 physici
736 1894 826 1972 quod
863 1897 959 1955 etiam
994 1895 1134 1955 consuli-

115 1979 196 2037 totis
218 1976 344 2046 dicitur,
369 1976 517 2037 Eulerius
538 1975 699 2037 conflavit.
718 1972 799 2034 illud
815 1982 960 2051 systema
978 1974 1135 2035 unionem

115 2060 213 2133 ponit
233 2058 266 2117 in
291 2060 404 2116 mutuo
426 2055 551 2115 influxu
572 2059 685 2116 animae
719 2056 754 2114 in
777 2069 896 2128 corpus
926 2059 960 2114 et
991 2056 1136 2130 corporis

115 2141 154 2197 in
176 2139 333 2207 animam3
358 2137 469 2211 itaque
493 2137 600 2213 juxta
618 2135 781 2195 Eulerium
813 2133 921 2192 anima
952 2138 986 2193 et
1017 2150 1136 2210 corpus

114 2230 188 2276 non
208 2215 243 2275 in
262 2214 334 2291 ipsa
354 2214 536 2277 substantia
559 2214 851 2292 conjungerentur,
873 2210 935 2271 sed
964 2212 1135 2275 solummo-

117 2292 163 2355 do
185 2296 221 2354 in
241 2310 301 2355 sua
333 2298 469 2355 externa
500 2296 676 2356 activitate.
708 2293 764 2353 Hic
795 2290 1037 2370 initurusque
1070 2309 1136 2353 una

115 2374 301 2435 substantia
321 2374 410 2434 varie
434 2390 575 2451 operans
596 2372 703 2451 gignit
736 2372 770 2431 in
802 2371 904 2431 altera
929 2378 1038 2433 motus
1060 2389 1134 2448 per-

114 2450 207 2513 fecte
223 2458 445 2531 congruentes
474 2470 547 2535 cum
571 2451 817 2530 operationibus
842 2452 1030 2511 substantie
1045 2454 1139 2529 prius

117 2533 252 2611 agentis
274 2542 324 2593 est
344 2534 510 2611 physicus.

160 2612 294 2673 Falsitas
315 2612 414 2691 hujus
434 2614 623 2691 systematis
644 2610 754 2671 statim
774 2612 912 2685 apparet
934 2624 1030 2670 exeo
1047 2610 1137 2689 quod

116 2690 240 2751 illudl
276 2690 361 2751 favet
382 2690 610 2753 materialismo
628 2708 635 2749 :
653 2689 771 2750 eodem
788 2690 873 2748 enim
898 2687 994 2749 modo
1021 2706 1137 2765 corpus

116 2770 154 2830 in
175 2770 315 2831 animam
337 2776 493 2846 operatur
513 2787 610 2849 quam
632 2771 742 2829 anima
765 2768 799 2828 in
831 2784 961 2844 corpus
985 2770 1017 2829 2⁰
1043 2771 1138 2831 Tollit

117 2850 282 2910 unitatem
302 2851 429 2912 homnae
465 2856 597 2922 naturae,
623 2864 698 2908 nam
726 2848 802 2907 licet
823 2848 907 2907 actio
939 2851 980 2909 sit
1011 2854 1135 2923 mutua,

117 2934 271 2989 remanet
293 2935 402 2991 tamen
426 2930 549 3007 duplex
575 2929 770 3005 principium
801 2945 808 2986 ε
836 2926 919 2986 binae
950 2930 1137 2991 substantiae

116 3008 152 3067 iu
174 3025 211 3069 se
232 3010 370 3070 invicem
393 3016 505 3089 agunt,
529 3008 711 3070 sedunam
732 3011 883 3067 naturam
904 3006 982 3067 inde
1007 3006 1138 3071 efficere

117 3092 304 3165 nequeunt.
328 3091 359 3150 3⁰
382 3089 502 3151 Reddit
518 3086 724 3167 junctionem
740 3085 993 3149 accidentalem.
1008 3091 1136 3150 Junctio

118 3169 207 3227 enim
229 3166 397 3241 tundatur,
420 3186 487 3229 non
508 3169 542 3229 in
565 3183 639 3228 esse
660 3168 832 3241 utriusque
854 3165 1053 3241 substantia,
1078 3168 1139 3230 sed

117 3246 152 3305 in
174 3249 316 3323 actione,
340 3248 460 3310 eodem
480 3246 549 3308 iere
572 3251 669 3323 pacto
692 3262 729 3305 ac
751 3245 777 3305 si
798 3246 895 3305 homo
926 3262 1043 3323 corpus
1079 3249 1139 3308 ali--

118 3323 213 3403 quod
243 3327 384 3389 inanime
415 3332 564 3389 moveret
592 3330 625 3387 et
654 3324 803 3403 pondere
837 3324 910 3402 ejus
937 3326 1138 3409 quandoque

118 3406 374 3480 opprimeretur.
398 3408 502 3485 Negat
524 3421 643 3482 corpus
666 3405 878 3474 essentiam,
893 3404 1055 3481 siquidem
1076 3408 1138 3469 hoc

118 3491 309 3547 moveretur
330 3487 488 3548 duntaxat
508 3502 568 3563 per
588 3486 751 3547 actionem
773 3487 999 3545 transeuntem
1029 3505 1036 3545 :
1060 3486 1138 3549 inde

118 3563 155 3623 in
176 3563 266 3625 aliud
289 3568 386 3628 etiam
408 3564 649 3628 incommodum
665 3561 823 3640 impingit,
849 3569 1011 3640 quatenus
1024 3584 1139 3645 corpo-

120 3641 159 3718 ri,
181 3650 300 3723 suapte
322 3651 439 3708 natura
459 3645 567 3721 inerti,
592 3642 703 3703 tribuit
723 3643 883 3703 actionem
917 3648 953 3707 in
982 3647 1145 3715 animam,
