2642 4209
211 256 247 319 18
314 240 317 247 ¹
513 241 694 317 ssflbvtnttttttl
712 269 915 315 rurtosormu

206 414 257 475 26.
274 444 312 455 -
327 412 434 473 Tussis
449 411 472 473 l.
489 413 643 487 Spatium
656 410 747 472 reolo
762 414 807 472 od
819 413 1036 471 extensionem
1048 408 1175 470 reatem
1190 425 1229 469 m

248 507 314 569 quo
328 506 468 567 corporo
483 494 694 563 contineatur,
709 492 863 565 primitus
877 490 1033 565 refertur.

247 608 418 667 Probatur.
449 606 597 682 Spatium
624 604 715 665 reale
737 604 976 667 mensurationi
1001 604 1134 665 realiter
1161 604 1227 666 ob·

208 686 339 749 noxium
357 700 431 746 esse
452 684 568 759 debet3
586 685 677 763 atqui
693 700 768 745 eum
781 685 923 761 spatium
940 685 1048 745 metiri
1056 684 1228 754 volumus,

209 766 394 828 distantiam
428 780 498 841 quae
530 766 616 825 inter
651 770 814 825 extremas
835 763 1020 842 superficiei
1047 780 1229 839 corporum

207 850 319 924 partes
340 846 456 917 existit,
480 845 577 907 unice
602 844 818 922 exquirimus;
846 852 1047 921 quapropter
1079 843 1229 919 demptis

209 928 288 1003 ipsis
316 925 520 1005 corporibus,
546 926 688 1001 spatium
713 926 950 985 mensurationi
974 924 1054 984 reali
1080 938 1149 985 non
1172 939 1228 983 re-

208 1008 321 1065 manet
335 1004 524 1064 obnoxium.
541 1006 625 1083 Ergo
641 1004 804 1083 objectiva
819 1008 853 1064 et
866 1004 998 1064 realiter
1021 1018 1089 1063 non
1109 1005 1230 1079 potest

210 1084 390 1145 consistere
406 1085 465 1145 nisi
491 1086 524 1144 in
547 1085 627 1160 ipsis
652 1084 913 1145 dimensionibus
937 1084 1139 1143 extensionis
1163 1098 1226 1143 eo-

20 1242 24 1255 ,
208 1161 358 1225 rumdam
375 1179 560 1238 corporum.

249 1243 395 1303 Diximus
407 1244 560 1317 primitus
572 1243 727 1317 refertor,
744 1257 821 1302 nam
834 1244 978 1319 spatium
987 1244 1153 1302 aetuatum
1163 1256 1231 1301 seu

208 1326 247 1383 ut
260 1323 348 1383 reale
363 1322 504 1382 habetur
518 1322 748 1401 designatione
766 1325 979 1382 terminorum
1003 1321 1122 1399 quibus
1148 1336 1228 1381 con·

211 1403 298 1463 cludi
313 1402 506 1477 concipitur,
522 1402 555 1461 in
569 1401 682 1478 primis
697 1407 734 1462 ut
748 1403 896 1462 extensio
907 1402 1016 1474 realis
1033 1398 1154 1461 deinde
1164 1414 1231 1476 per

210 1482 457 1552 derivationem,
474 1485 510 1541 ut
524 1482 672 1543 extensio
687 1482 918 1542 mathematica
928 1498 990 1542 seu
1003 1479 1176 1557 capacitas,
1191 1482 1231 1539 ⁴et

210 1563 309 1624 etiam
324 1564 361 1620 ut
373 1576 525 1621 vacuum.
1015 1629 1017 1632 ¹

250 1643 300 1703 27.
316 1672 355 1682 -
370 1641 479 1701 schot.
501 1643 525 1701 l.
551 1640 696 1717 Spatium
719 1637 934 1712 mundanum,
961 1638 1052 1717 quod
1078 1637 1230 1715 exsurgit

210 1738 250 1782 ex
284 1718 458 1780 mundanis
494 1720 645 1780 omnibus
692 1720 895 1795 corporibus,
939 1719 1025 1779 serie
1070 1719 1229 1780 continua

210 1800 478 1870 coexistentibus
507 1814 575 1860 non
593 1802 706 1880 potest
733 1798 824 1859 aliud
851 1814 925 1859 esse
954 1814 1051 1876 quam
1074 1797 1227 1859 extensio

210 1883 365 1941 continua
384 1878 417 1938 in
442 1894 505 1956 qua
530 1882 740 1941 continentur
761 1879 828 1939 hac
849 1894 997 1954 corpora.
1023 1877 1121 1937 Porro
1148 1892 1227 1938 con-

210 1960 299 2021 tinua
328 1959 475 2019 extensio
504 1956 586 2037 (359)
611 1962 663 2019 est
689 1959 853 2036 integrum
883 1957 1060 2035 quoddam,
1078 1955 1166 2033 quod
1184 1971 1230 2018 ex

208 2038 459 2100 indivisibilibus
481 2051 548 2097 non
572 2039 778 2116 componitur
791 2039 872 2117 (471,
890 2037 990 2116 Con),
1006 2035 1068 2099 sed
1083 2040 1134 2098 est
1152 2036 1227 2098 sine

209 2118 275 2180 fine
290 2117 516 2179 mathematice
534 2115 694 2178 divisibile
709 2116 767 2196 (l);
784 2132 882 2178 secus
898 2135 905 2175 :

252 2202 280 2259 l0
295 2197 489 2259 Continuam
505 2196 593 2257 idem
610 2202 699 2259 esset
713 2213 751 2257 ao
767 2198 969 2275 contiguum.
985 2196 1027 2255 At
1042 2197 1228 2271 conceptus

211 2282 289 2338 sunt
304 2276 422 2337 diversi
449 2296 456 2335 :
484 2277 633 2337 extensio
659 2275 745 2337 enim
770 2279 921 2337 continuo
945 2274 1028 2354 (359)
1053 2289 1092 2335 ea
1117 2278 1168 2334 est
1191 2273 1229 2332 in

211 2374 276 2436 qua
290 2360 427 2433 partium
455 2360 600 2417 extrema
628 2362 701 2415 suat
723 2371 835 2423 auum,
863 2353 941 2428 dum
963 2355 1151 2428 continuam
1174 2357 1229 2414 est

210 2439 244 2500 id
261 2438 353 2515 cujus
369 2441 514 2497 extrema
528 2442 600 2497 sunt
615 2435 722 2509 simut,
738 2450 859 2511 nempe
874 2451 910 2495 se
927 2433 1133 2511 contingunt.

250 2520 283 2579 2⁰
304 2517 462 2577 Praeterea
482 2514 685 2591 impossibile
708 2520 758 2575 est
778 2520 815 2575 ut
828 2512 1067 2575 determinetur
1087 2526 1164 2589 pars
1177 2510 1227 2570 in-

211 2596 379 2658 divisibilis
401 2595 539 2672 alicujus
562 2595 708 2655 continui
720 2594 854 2671 proprie
877 2593 968 2663 dicti;
992 2596 1115 2668 puncta
1137 2592 1228 2651 enim

210 2678 263 2738 illa
278 2674 490 2754 hypothetice
504 2673 723 2744 indivisibilia,
739 2689 810 2751 qua
830 2674 1033 2743 haberentur
1052 2675 1091 2732 ut
1111 2670 1227 2732 termi-

209 2759 244 2819 ni
257 2754 362 2816 ultimi
383 2752 549 2815 divisionis
571 2753 709 2832 hujusce
730 2753 888 2824 continui,
910 2753 992 2813 nihil
1010 2751 1100 2813 aliud
1119 2749 1230 2811 menti

210 2835 368 2898 exhibent
388 2849 487 2911 quam
508 2833 645 2893 limitem
660 2832 839 2910 quetndam
859 2833 1110 2911 hypotheticum
1131 2835 1164 2890 et
1177 2829 1227 2889 in·

212 2915 464 2978 determinatum
496 2912 634 2991 alicujus
664 2911 842 2983 divisionis,
873 2929 944 2990 quae
969 2914 1041 2974 sine
1063 2910 1128 2971 fine
1149 2924 1226 2985 pro-

210 2997 293 3058 trahi
308 2998 428 3072 potest.
445 2992 502 3052 Hic
517 3007 584 3052 non
606 2993 735 3069 agimus
749 2992 920 3068 speciatim
942 2990 984 3052 de
1005 2992 1061 3054 illa
1076 2988 1226 3067 questio-

208 3092 251 3138 ne
284 3076 399 3143 otiosa,
428 3076 539 3132 ulrum
570 3072 735 3148 quantitas
765 3072 899 3150 physica
929 3073 1002 3131 sine
1026 3069 1093 3131 fine
1124 3066 1227 3129 dividi

208 3157 321 3233 possit.
344 3150 469 3213 Sufficit
489 3155 605 3211 notare
627 3150 718 3229 quod
752 3152 785 3212 S.
816 3152 957 3211 Thomas
984 3148 1083 3210 docet
1105 3162 1227 3224 corpus

112 3248 119 3257 ·
161 3291 167 3302 ,
207 3233 360 3296 naturate
380 3248 449 3293 non
469 3246 568 3307 posse
592 3230 693 3291 dividi
712 3231 746 3291 in
776 3229 950 3301 infinitum,
984 3231 1064 3307 quia·
1090 3227 1227 3303 quando

209 3315 251 3377 ad
286 3312 458 3374 minimum
491 3309 677 3381 deducitur,
708 3307 817 3371 statim
850 3312 986 3387 propter
1020 3306 1227 3369 debilitatem

206 3393 334 3457 virtuhs
354 3392 597 3453 convertituriu
617 3390 713 3450 atiud
733 3411 747 3445 x
764 3387 817 3468 (2).
840 3390 943 3468 igitur
964 3388 996 3451 S.
1020 3390 1143 3449 Ductor
1155 3402 1226 3447 non
1247 3437 1250 3439 ,

7 3508 12 3560 J
161 3498 165 3503 ¹
237 3516 271 3587 (1)
289 3514 316 3563 S.
328 3512 448 3571 Thomas
464 3508 495 3559 oe
510 3508 600 3559 Senta
612 3515 639 3557 et
659 3508 784 3570 sensato,
804 3508 864 3559 lect.
879 3508 918 3567 15,
940 3514 967 3559 et
988 3508 1016 3557 in
1034 3504 1227 3572 aliisoperibus

31 3621 37 3641 ,
94 3570 96 3573 ’
204 3590 311 3645 passim.

31 3630 112 3669 ,3

31 3668 159 3737 uns:

88 3722 121 3744 ,θ’-

235 3666 270 3735 (2)
282 3667 320 3718 De
334 3675 411 3713 sensu
423 3664 450 3710 et
462 3663 571 3721 sensato,
585 3656 644 3709 lect.
658 3673 706 3711 xv.
