2642 4209
246 284 445 332 uernrrrrsicl
467 288 623 332 sicanus,
641 305 679 314 -
694 287 909 331 rsrenocoon.
1032 266 1090 327 109

75 406 130 476 sia,
152 403 262 462 omnia
284 402 513 477 phantasmata
534 404 654 476 sponte
675 399 769 470 fiunt,
795 414 870 477 quae
898 404 935 460 ul
956 400 1089 478 objecta

75 484 172 545 realia
192 481 374 553 hahentur3
399 489 432 542 et
453 482 500 542 sic
522 481 669 559 gignitur
684 479 835 541 delirium
850 496 889 540 ae
905 480 1085 542 dementia.

115 563 180 624 172.
197 594 237 604 -
253 561 358 621 Causa
374 577 448 638 quae
461 559 1088 638 reproduetionemphantasmatumfa-

77 644 216 704 ciliorem
231 641 352 711 reddit,
372 646 421 702 est
436 646 567 702 attentio
583 645 615 700 et
631 642 812 700 associatio.
833 641 860 699 l··
876 638 1002 699 Gradus
1018 642 1087 718 qui-

77 723 149 785 dem
169 721 319 781 intensus
341 721 529 782 attentionis
550 720 699 780 adhiberi
722 716 823 780 debet
844 720 919 780 huie
949 735 1087 796 percep-

76 802 151 865 tioni
172 817 273 878 qnam
294 805 427 862 revocat
448 801 655 877 imaginatio;
685 815 761 858 nam
788 799 981 860 affectiones
1011 815 1087 876 quae

77 899 134 943 nos
148 880 236 940 nulla
253 879 398 941 adhibita
413 883 594 943 attentione
610 878 767 952 afficiunt,
784 881 894 939 statim
910 883 1087 956 praetervo-

77 963 151 1032 lant,
169 963 202 1020 et
217 960 337 1024 exinde
353 960 586 1038 imaginatione
603 957 765 1020 difficilius
785 965 1001 1030 revocantur;
1024 959 1086 1020 sed

78 1041 200 1119 quando
232 1039 424 1100 affectiones
454 1041 600 1100 animum
625 1039 732 1099 valide
759 1040 956 1114 percellunt,
983 1040 1088 1100 altum

77 1125 107 1183 in
120 1120 291 1197 phantasia
311 1121 503 1196 relinquunt
523 1119 715 1196 vestigium3
738 1119 954 1194 quamobrem
973 1135 1088 1179 earum

78 1202 300 1279 phantasmata
320 1197 446 1260 facilius
477 1199 757 1276 redintegrantur.
792 1199 895 1275 lgitur
917 1215 983 1274 quo
1005 1200 1084 1260 vivi-

79 1281 145 1341 dior
164 1279 224 1338 t'oit
252 1279 400 1352 attentio,
431 1294 470 1339 eo
501 1277 627 1339 facilior
659 1276 768 1338 evadit
801 1278 953 1338 excitatio
981 1281 1087 1356 phan-

80 1362 261 1422 tasmatum.

114 1443 144 1500 2⁰
157 1439 322 1499 Praeterea
337 1435 380 1496 ad
394 1437 622 1513 phantasmata
636 1434 824 1496 revocanda
839 1438 981 1496 maxime
993 1437 1088 1514 juvat

78 1519 242 1580 associatio
254 1517 580 1595 representationum
594 1515 813 1584 sensibilium;
832 1515 910 1575 dum
922 1519 1010 1575 enim
1021 1518 1087 1578 duo

78 1603 249 1658 nectuntur
263 1600 502 1674 phantasmata,
519 1597 697 1671 praesentia
711 1596 809 1655 unius
824 1597 964 1656 alterum
977 1599 1087 1658 statim

79 1682 198 1740 evocat.

113 1756 292 1818 associatio
321 1755 598 1833 phantasmatum,
622 1755 707 1813 sicut
730 1758 763 1814 et
784 1753 946 1828 idearum,
965 1755 1088 1832 duplex

79 1853 146 1897 esse
176 1842 297 1912 potest,
322 1836 476 1895 nimirum
505 1834 660 1908 objectiva
691 1839 725 1893 et
748 1835 935 1908 subjectiva.
963 1838 1088 1898 Dicitur

78 1917 235 1995 objectiva
252 1915 384 1993 quando
400 1914 724 1990 repraesentationes,
742 1929 817 1989 quae
833 1917 952 1974 suntin
965 1918 1087 1989 anime,

79 1991 226 2058 eamdem
250 1997 374 2056 habent
402 1994 443 2054 ad
468 1994 610 2053 invicem
628 1994 824 2053 relationem
850 2012 949 2071 ‹puarn
964 1995 1089 2058 habent

78 2077 203 2154 objecta
218 2076 385 2136 sensibilia
402 2093 408 2132 :
426 2090 456 2133 v.
480 2089 544 2151 gr„
574 2074 672 2134 arbor
697 2077 730 2132 et
753 2072 851 2132 flores
876 2076 928 2134 vel
948 2074 1085 2150 fructus,

77 2157 156 2234 ignis
173 2161 206 2216 et
220 2155 361 2215 adustio.
378 2153 487 2214 Nexus
503 2153 621 2213 dicitur
636 2152 837 2229 subjectivus
858 2157 989 2231 quando
1005 2174 1086 2234 qua-

79 2236 148 2296 darn
179 2242 305 2295 constat
333 2235 419 2294 inter
449 2235 656 2294 sensationes
685 2234 858 2317 relatione,
894 2251 969 2310 quae
1003 2240 1090 2299 inter

78 2317 204 2393 objecta
230 2316 303 2390 ipsa
331 2330 397 2372 rron
426 2313 544 2384 existit,
575 2316 612 2372 ut
641 2329 727 2382 corn,
758 2329 788 2372 v.
806 2330 852 2389 g.,
880 2319 1089 2378 sensationes

78 2412 182 2456 rerum
204 2395 302 2470 plane
328 2391 530 2470 disparilium
554 2389 688 2451 fuerunt
716 2392 921 2452 shnultanoae
947 2402 1003 2455 aut
1027 2398 1091 2458 sibi

78 2473 304 2536 succedentes.
328 2475 384 2532 Ex.
405 2491 411 2531 :
438 2474 465 2532 si
490 2472 574 2546 quis,
601 2470 680 2531 dum
704 2472 902 2550 loquebatur
931 2491 1005 2535 cunr
1035 2477 1090 2536 tali

78 2570 214 2632 persona
229 2555 263 2613 in
274 2553 426 2613 morbum
436 2551 736 2622 statiminoidisset,
750 2553 976 2628 phantasmata
989 2557 1089 2638 hujus

78 2648 225 2712 personae
242 2637 276 2694 et
290 2633 362 2692 talis
378 2631 583 2708 aegritudinis
599 2634 852 2692 associarenlur.

115 2713 183 2776 173.
201 2746 238 2756 —-
255 2713 447 2789 imaginatio
465 2715 515 2771 est
537 2709 675 2770 facultas
690 2713 844 2790 organica
862 2713 954 2790 cnjus
969 2730 1088 2776 senso·

79 2794 157 2854 rium
172 2796 223 2852 est
238 2793 423 2852 cerebrum.
447 2791 638 2868 imaginatio
656 2795 744 2851 eninr
758 2794 922 2866 reperitur
936 2797 969 2854 in
985 2796 1089 2857 brutis

79 2873 293 2934 animantibus
309 2887 384 2950 quae
399 2869 605 2931 facultatibus
620 2872 783 2943 organicis
800 2871 959 2933 duntaxat
973 2872 1089 2936 fruun-

80 2959 135 3014 tur.
160 2952 325 3012 Praeterea
351 2950 482 3011 nonnisi
511 2953 596 3011 cirea
624 2966 678 3010 res
708 2968 895 3027 corporeas,
920 2959 1087 3029 extensas,

79 3035 246 3102 coloratas,
262 3029 403 3109 figuram
426 3031 600 3099 habentes,
626 3033 705 3100 eto.,
727 3036 887 3094 versatur.
910 3035 996 3113 Ergo
1020 3051 1089 3097 nou

78 3116 272 3192 potestesse
287 3110 348 3170 nisi
363 3107 501 3169 facultas
517 3109 683 3187 organica.

113 3195 151 3253 ht
164 3192 241 3252 licet
255 3189 298 3250 ad
320 3189 568 3250 sensibilitatem
582 3189 748 3266 pertineat
766 3190 950 3266 phantasia,
971 3193 1086 3256 intimo

81 3276 184 3333 tamen
212 3285 302 3331 nexu
316 3271 389 3330 haec
411 3267 552 3329 facultas
577 3269 752 3346 colligatur
776 3286 851 3330 oum
877 3271 950 3348 ipsa
968 3274 1087 3335 intelli·

79 3354 196 3429 gentia,
212 3354 250 3410 ut
266 3349 467 3426 experientia
494 3350 582 3409 clare
612 3348 819 3409 demonstrat
845 3369 852 3410 :
876 3366 954 3413 nam
983 3354 1087 3429 phan-

79 3436 175 3491 tasma
205 3429 361 3490 continuo
396 3429 610 3504 consequitur
647 3428 877 3507 intelligentiae
917 3433 1019 3507 acti03
1056 3438 1092 3495 et

80 3511 213 3573 vicissim
233 3510 344 3569 statim
365 3523 403 3567 ac
424 3507 499 3569 idea
515 3512 566 3569 est
585 3508 617 3567 in
636 3512 761 3581 mente,
788 3509 874 3570 illico
899 3513 1088 3592 imaginatio

80 3590 158 3650 hanc
181 3587 292 3649 ideam
320 3586 426 3648 induit
444 3585 551 3648 forma
578 3588 737 3649 sensibili.
762 3587 866 3650 Causa
894 3596 961 3653 tam
987 3598 1087 3655 arctae

81 3671 159 3731 inter
183 3673 360 3744 utramque
379 3665 568 3730 facultatem
591 3667 808 3746 colligationis
836 3670 939 3732 oritur
962 3675 1088 3752 exipso
