2642 4209
178 265 216 327 la
487 284 667 327 rnuvnnruu
688 281 889 325 rnruosormm

175 396 275 457 Deus.
307 396 353 455 Ex
376 396 438 455 hac
459 410 538 472 ergo
562 394 748 475 hypothesi,
774 399 973 472 sequeretur
994 393 1101 455 Deum
1123 408 1199 453 non

173 491 248 537 esse
268 478 409 552 primum
429 472 587 543 efficiens
613 489 723 551 neque
744 491 822 535 vere
846 472 1131 550 independentem
1159 477 1198 533 et

170 554 344 617 infinitum.
375 554 406 615 Si
435 554 625 631 producitur
652 556 774 624 aDeo,
805 557 883 613 tunc
916 557 973 614 aut
995 549 1195 613 immediate

174 639 314 705 creatur,
333 635 421 695 nullo
441 635 502 694 alio
524 638 754 701 concurrente.
776 637 832 693 aut
857 633 988 693 dabitur
1013 646 1196 709 processus

173 716 207 776 in
220 712 394 785 infinitum,
412 718 445 774 et
459 714 506 773 sic
525 714 651 773 nullum
672 714 733 774 erit
754 714 893 788 primum
920 711 1078 773 efficiens.
1104 712 1194 789 Ergo

175 810 215 856 en
228 792 370 855 falsitate
387 793 557 853 antithesis
573 794 731 853 elucescit
745 792 980 869 propositionis
994 792 1127 852 veritas.

217 872 333 948 Quoad
346 875 474 949 suctum
489 873 675 942 creationis,
691 871 767 934 vide
782 872 968 949 theologos.

179 998 225 1059 18.
250 1031 288 1041 -
312 996 419 1055 'lirusrs
449 996 484 1055 ll.
514 996 562 1055 ld
594 997 783 1066 creandum,
808 996 911 1070 juxto
935 992 1205 1068 probabiliorem

214 1078 410 1143 sententium,
427 1076 603 1149 requiritur
617 1077 721 1134 virtus
735 1074 861 1149 infinito
874 1075 1003 1148 aperui,
1025 1078 1054 1133 et
1068 1073 1192 1132 idcirco

215 1159 263 1216 vis
286 1155 417 1215 creandi
438 1156 600 1213 creaturis
623 1170 686 1213 uon
710 1156 873 1229 competit,
897 1155 962 1213 imo
982 1152 1194 1228 probabilius

216 1235 450 1295 corrrmuuicori
461 1235 580 1309 aequit.

215 1350 309 1409 Nutu.
324 1348 477 1409 Nonnulli
493 1347 637 1425 theologi
654 1346 768 1408 dicunt
785 1364 791 1405 :
813 1372 826 1400 ι
843 1347 932 1407 nulla
947 1344 1123 1406 sufficienti
1136 1360 1190 1405 ra-

176 1428 266 1488 tione
288 1426 418 1489 ostendi
442 1442 629 1505 repugnare
649 1426 842 1503 simpliciter
857 1434 1023 1499 creaturae,
1041 1426 1139 1486 etiam
1155 1426 1194 1484 ut

178 1523 283 1569 causae
306 1508 487 1584 principali,
508 1508 691 1584 potentiam
711 1506 845 1568 creandi
872 1526 903 1575 »ς
929 1508 1041 1583 itaque
1066 1507 1194 1582 negant

176 1586 218 1647 ad
234 1586 415 1648 creandum
429 1588 552 1664 requiri
566 1588 632 1648 vim
645 1583 816 1658 infinitam,
834 1602 871 1646 ac
887 1586 1066 1663 prasertim
1090 1587 1193 1645 autu-

175 1674 266 1727 mant
279 1668 385 1727 Deum
405 1665 447 1725 de
465 1668 613 1741 potentia
633 1665 782 1726 absoluta
802 1667 869 1726 vim
884 1666 1076 1726 creatricem
1091 1678 1192 1741 posse

178 1746 343 1815 creaturis,
360 1746 475 1806 saltem
489 1750 527 1805 ut
549 1746 654 1806 causis
674 1746 988 1816 instrumentalihus,
1007 1742 1190 1805 communi-

177 1841 262 1885 care.
280 1825 345 1886 Sed
361 1826 522 1886 contraria
540 1826 704 1887 sententia
717 1831 768 1885 est
783 1825 964 1886 communis
980 1824 1069 1901 apud
1086 1824 1192 1884 Scho-

179 1905 322 1965 lasticos.

216 1985 310 2045 Prob.
335 1984 481 2055 l⁰‚Virtus
502 1983 626 2046 infinita
650 1984 838 2045 necessaria
864 1989 915 2044 est
937 1983 979 2044 ad
1003 1981 1193 2060 productio·

176 2078 253 2123 nem
270 2062 407 2123 effectus
427 2080 468 2133 ex
488 2065 599 2125 nihilo
626 2066 725 2141 Atqui
748 2064 939 2142 simpliciter
963 2066 1130 2141 repugnat
1152 2065 1193 2122 ut

176 2146 325 2203 creatura
336 2144 402 2202 vim
415 2143 573 2204 infinitam
589 2144 720 2205 haheat.
732 2145 816 2223 Ergo
829 2144 876 2204 vis
888 2143 1020 2205 creandi
1033 2141 1193 2204 creaturis

178 2221 299 2284 deferri
313 2224 438 2298 nequit.

214 2301 378 2362 Probatur
399 2304 518 2378 major.
540 2306 568 2363 l⁰
590 2305 693 2364 Tanta
713 2305 891 2378 requiritur
904 2304 1004 2365 virtus
1026 2303 1061 2361 in
1089 2316 1193 2379 agen·

179 2384 222 2451 te,
262 2386 383 2457 quanta
429 2385 479 2442 est
502 2382 690 2459 superanda
719 2381 893 2442 difficultas
920 2399 981 2444 seu
1024 2383 1191 2458 transgre-

175 2459 295 2522 dienda
313 2460 465 2523 distantia
479 2462 565 2522 inter
588 2462 765 2522 terminum
785 2478 806 2522 a
829 2479 891 2537 quo
915 2468 947 2523 et
959 2462 1131 2523 terminum
1147 2462 1196 2521 ud

175 2557 283 2615 quem,
312 2556 374 2600 seu
395 2540 483 2602 inter
503 2559 564 2603 oon
579 2559 644 2603 csse
659 2541 798 2602 effectus
823 2547 856 2601 et
878 2543 964 2603 illius
997 2540 1190 2617 productio·

175 2634 263 2679 nem.
281 2621 380 2697 Atqui
396 2620 483 2680 inter
511 2637 575 2680 esse
599 2620 690 2698 quod
713 2622 870 2695 recipitur
892 2638 952 2698 per
976 2623 1190 2690 creationem,

177 2702 211 2758 et
228 2715 294 2758 corr
311 2716 375 2759 esse
394 2700 484 2776 quod
503 2700 608 2775 ipsam
630 2702 833 2761 creationem
854 2700 1032 2772 antecedit,
1051 2705 1101 2761 est
1122 2699 1190 2760 dis-

179 2780 281 2839 tantia
307 2777 443 2850 infinita,
470 2783 591 2856 quippe
615 2796 691 2840 cum
721 2780 972 2843 contradictorie
1001 2779 1194 2857 simpliciter

175 2862 386 2996 opfponantur
410 2860 549 2920 termini.
574 2860 657 2937 Ergo
679 2859 721 2920 ad
741 2859 918 2922 creandum
936 2861 1120 2938 'requiritur
1141 2859 1192 2921 ris

176 2938 210 2997 in
236 2937 312 2998 nita.

190 3058 193 3065 ‚
215 3017 348 3076 2⁰1nter
366 3016 521 3078 virtutem
541 3016 675 3078 creandi
699 3033 801 3079 unum
826 3023 860 3080 et
878 3021 1032 3080 virtutem
1056 3016 1192 3079 creandi

172 3095 349 3172 quodlibet
365 3097 518 3166 creabile,
535 3114 603 3158 non
618 3101 729 3173 potest
751 3097 821 3158 dari
835 3100 897 3160 nisi
911 3100 1035 3178 gradus
1056 3098 1192 3176 majoris

11 3166 16 3211 ἕ
108 3234 109 3237 ,
174 3175 227 3236 vel
253 3174 390 3236 minoris
412 3178 557 3238 exercitii
584 3175 736 3254 ejusdem
757 3176 952 3247 efficientiam
980 3179 1069 3253 atqui
1089 3180 1193 3240 virtus

5 3300 25 3335 .·
83 3266 86 3271 ·
174 3253 308 3315 creandi
323 3254 494 3331 quodlibet
515 3257 656 3317 creabile
677 3261 728 3317 est
748 3259 920 3318 evidenter
940 3256 1079 3330 infinita;
1109 3274 1190 3337 ergo

176 3334 372 3395 cumvictus
397 3336 530 3397 creandi
553 3352 657 3397 unum
680 3337 721 3397 sit
749 3337 899 3414 ejusdem
927 3337 1062 3411 ordinis,
1090 3337 1193 3400 dehet

177 3428 251 3475 esse
274 3413 407 3475 infinita.

122 3556 123 3561 γ
215 3494 246 3553 2⁰
276 3494 392 3554 Scotus
421 3494 564 3570 aliquem
591 3494 751 3554 moralem
776 3495 871 3556 affert
900 3499 1062 3557 rationem
1086 3512 1190 3573 quare

7 3574 53 3655 tf<
177 3576 331 3634 creatura
352 3574 584 3635 communicari
607 3578 753 3649 nequeat
776 3576 825 3635 vis
849 3576 994 3636 creandi.
1020 3575 1189 3637 Nobilissi-

57 3684 59 3691 ,
85 3722 88 3729 ,
176 3666 263 3713 mam
278 3654 450 3723 actionem,
467 3652 584 3729 inquit,
609 3654 714 3729 qualis
729 3658 780 3715 est
794 3656 928 3729 creatio,
944 3656 1077 3717 nonnisi
1098 3673 1115 3717 e
1131 3672 1191 3719 no·
