2642 4209
283 244 483 292 METAPHYStcA
504 242 661 289 serenus.
678 261 718 272 -
733 243 936 289 cosuotoon.
1081 219 1136 289 19'

98 358 243 423 affirmat
262 362 492 423 reductionem
507 360 541 420 in
555 358 716 421 monades
735 357 926 437 primitivas,
948 361 981 420 ln
995 366 1121 437 puncta

110 441 320 515 ndivisibilia,
353 442 389 519 in
420 440 584 501 elementa
616 455 686 516 quae
712 439 895 500 retinerent
915 443 1043 501 tantum
1064 458 1119 502 ex·

99 524 291 585 tensionem
315 544 327 574 ι
352 520 524 582 virtualem
550 544 577 591 ι,
602 524 681 591 etc„
714 518 775 580 sed
808 522 1059 581 conversionem
1085 522 1120 582 tn

99 601 207 675 atiud,
230 617 291 679 per
312 602 523 662 amissionem
544 598 784 676 proprietatum
805 599 1030 661 essentialium
1049 601 1137 663 cors

100 681 193 758 poris
212 682 382 742 naturalis.
1057 686 1060 692 '

141 762 193 822 28.
218 794 256 803 —
278 762 387 821 Setot.
414 760 451 819 ll.
475 758 622 833 Spatium
647 761 757 833 potest
783 756 881 818 dividi
901 759 935 817 in
956 760 1120 820 internum

102 843 138 901 et
159 846 341 901 externum.
365 840 512 917 Spatium
540 840 708 897 internum
733 841 797 898 stat
824 838 859 897 in
883 838 965 898 trina
994 838 1120 901 dimen-

101 919 198 979 sione
222 920 422 980 extensionis
445 932 635 994 corporum;
669 916 811 993 spatium
843 920 1016 978 externum
1038 936 1117 979 oon-

102 1000 190 1059 sistit
209 1000 244 1059 in
272 995 531 1061 dimensionibus
561 1000 659 1057 unius
683 998 839 1073 corporis,
862 1001 960 1074 prout
982 997 1024 1058 ad
1045 1015 1118 1059 cor·

102 1094 168 1155 pus
206 1078 294 1139 aliud
332 1081 418 1139 inter
453 1093 509 1137 eas
544 1074 774 1137 collocandum
807 1075 885 1152 ipse
919 1075 1119 1140 referuntur:

102 1158 188 1219 lllud
209 1159 350 1235 spatium
372 1172 488 1217 revera
511 1155 638 1231 concipi
659 1156 775 1232 nequit
795 1156 971 1232 quominus
993 1160 1122 1237 cogite·

101 1243 157 1298 tur
180 1240 327 1299 extensio
356 1237 493 1314 alicujus
524 1237 682 1311 corporis
706 1234 862 1311 quodibi
883 1237 983 1297 locari
1004 1238 1119 1313 possit.

102 1318 207 1395 Igitur
237 1318 264 1377 si
288 1332 356 1377 non
379 1320 491 1377 essent
513 1331 663 1391 corpora,
688 1315 828 1389 spatium
855 1318 923 1377 sive
954 1319 1137 1380 internum

101 1398 173 1458 sive
199 1402 373 1478 externum
392 1396 430 1468 in
447 1396 586 1455 nihilum
605 1394 722 1455 abiret.

102 1528 417 1590 29.-rlos1s.11.
446 1532 597 1603 sportam
628 1526 811 1586 absolutum
841 1527 923 1588 ortu
947 1530 1042 1591 ettad
1067 1531 1121 1591 od-

136 1611 263 1685 jectr'oe·
276 1613 320 1669 est
342 1623 442 1681 quarn
457 1607 659 1683 possibilitas
672 1608 773 1681 spelit
781 1606 891 1667 realis,

144 1742 320 1803 Probatur.
345 1722 491 1817 Spatium
513 1738 593 1799 illud
616 1738 804 1799 absolutum
824 1755 893 1798 non
919 1745 970 1802 est
999 1743 1124 1820 ahquid

105 1822 242 1883 realiter
269 1822 425 1894 existens,
448 1824 486 1879 ut
508 1822 637 1879 constat
659 1834 699 1878 ex
728 1818 840 1890 dictis;
866 1822 956 1895 atqui
977 1838 1044 1885 non
1073 1828 1123 1884 est

104 1902 245 1963 nihilum
274 1916 406 1977 purum,
439 1898 603 1978 siquidem
632 1898 771 1974 positive
800 1898 1003 1977 intelligitur.
1037 1903 1123 1981 Ergo

107 1984 161 2043 est
181 1978 302 2059 aliquid
327 1978 479 2054 possibile
509 1977 684 2039 fundatum
709 1978 744 2036 in
764 1977 836 2053 ipsa
865 1981 1014 2043 realitate
1037 1983 1126 2043 exis·

107 2064 214 2132 tante,
236 2076 297 2121 seu
319 2065 370 2119 est
390 2074 481 2117 mera
502 2056 702 2135 possibilitas
722 2058 820 2132 spatii
841 2059 950 2120 realis
1036 2103 1038 2105 ψ

149 2142 199 2202 30.
222 2173 262 2182 —
284 2138 451 2199 Sotiatium
474 2140 495 2197 l.
518 2136 568 2197 Ad
590 2135 801 2197 conflandum
822 2137 910 2198 hunc
929 2146 1133 2219 conceptum·

107 2220 206 2297 spatii
226 2218 411 2297 imaginarii
432 2218 530 2277 simul
552 2221 752 2277 concurrunt
773 2217 960 2279 intellectus
981 2228 1016 2282 et
1042 2224 1125 2281 lma·

107 2300 243 2380 ginatio
283 2298 473 2359 Intellectus
505 2314 524 2356 a
559 2298 666 2372 spatio
696 2296 777 2355 reali
808 2296 1011 2361 exordiendo
1045 2300 1127 2362 illud

108 2380 268 2443 abstrahit
290 2394 308 2437 a
331 2376 478 2455 qualibet
500 2375 773 2437 determinatione
794 2378 1005 2451 particulari:
1023 2379 1125 2441 effec-

108 2464 162 2520 tus
183 2458 283 2537 hujus
304 2455 532 2517 abstractionis
554 2460 604 2515 est
625 2457 768 2531 spatium
788 2454 907 2529 ideale‚
941 2459 993 2519 cui
1013 2458 1127 2539 imagi·

108 2539 199 2601 natio
222 2538 365 2614 aliquam
397 2536 507 2595 tribuit
536 2535 720 2595 realitatem
751 2535 937 2615 physicam
962 2554 1062 2615 quam
1083 2539 1126 2601 ob

111 2634 245 2679 causam
265 2617 502 2691 tmaptnartom
514 2615 710 2690 appellatur.
1127 2685 1129 2689 ι

152 2700 202 2759 31.
228 2730 266 2739 --
289 2695 457 2757 scholium
482 2696 518 2755 ll.
553 2696 758 2754 immensitas
788 2694 897 2755 divina
926 2701 1039 2773 potest
1072 2697 1127 2760 ali-

112 2795 178 2856 quo
201 2792 303 2838 sensu
323 2775 437 2835 haberi
458 2778 495 2834 ut
520 2771 772 2834 fundamentum
804 2775 900 2850 spatii
930 2776 1094 2851 possibilis
1118 2796 1126 2837 :

111 2858 329 2928 immensitas,
362 2871 429 2915 non
450 2854 602 2915 absolute
633 2858 776 2929 sumpta,
800 2852 861 2914 sed
881 2859 981 2930 prout
1003 2871 1130 2919 conno-

111 2942 160 3001 tat
182 2938 324 3014 spatium
338 2934 438 3007 reale,
463 2932 554 3011 quod
576 2937 686 3009 potest
707 2934 738 2993 ei
753 2936 948 3006 coexistere,
969 2937 1130 3014 quodam·

111 3016 214 3081 modo
238 3018 292 3076 est
312 3016 454 3097 spatium
476 3013 707 3091 imaginarium
726 3010 781 3093 (l).

526 3142 543 3203 s
558 3138 580 3191 ΙΙ
594 3138 635 3191 De
648 3136 724 3192 loco.

152 3257 204 3319 32.
229 3254 430 3331 —Spatium
451 3252 635 3332 generatim
658 3254 846 3329 inspectum
867 3271 928 3316 seu
945 3256 1132 3321 absolutum

111 3338 255 3401 hahetur
283 3338 321 3394 ut
354 3334 553 3410 possibilitas
593 3332 807 3406 extensionis,
847 3335 926 3396 dum
959 3336 1052 3397 locus
1081 3341 1132 3401 e'st

111 3418 259 3497 spatium
281 3416 373 3475 certis
390 3413 545 3473 limitibus
559 3414 819 3475 determinatum.
842 3416 897 3475 Isti
917 3415 1037 3478 limites
1051 3434 1129 3493 pos·

112 3501 192 3561 sunt
211 3510 286 3556 esse
307 3493 361 3553 vel
374 3494 480 3554 reales
498 3491 552 3553 vel
569 3493 700 3564 ideotes,
722 3496 822 3569 prout
841 3499 920 3557 sunt
937 3494 1131 3573 superficies

144 3643 179 3707 (1)
194 3636 295 3691 misius
307 3636 352 3689 lib.
366 3636 384 3689 2
396 3637 428 3687 de
439 3636 618 3698 Perfectda'v.
629 3649 652 3687 a.
665 3634 694 3688 2.
