2642 4209
252 262 451 307 unrarnxsicn
473 263 630 310 sanctius.
649 281 686 290 -
702 270 914 314 rsxcuoncon.
1056 256 1096 321 99

87 378 196 438 tiarum
218 379 332 438 haberi
354 377 465 439 dehet.
483 379 562 440 Hinc
584 395 701 443 omnes
725 385 843 443 animae
872 390 1030 463 potentiae
1054 407 1095 452 ex

86 459 276 520 necessitate
290 458 396 518 fluunt
411 459 452 519 ab
467 459 540 536 ipsa
561 461 676 522 animae
699 467 853 526 essentia.

87 583 146 642 154.
171 615 208 622 -
230 584 337 644 THEStS
360 583 410 640 111.
433 585 583 642 Potentiae
597 587 785 658 spirituales
798 590 925 664 optma,
943 598 1096 668 corrupto

121 677 264 736 corpore,
281 661 315 720 tn
331 663 444 722 auimo
458 669 636 758 remanent.

120 776 290 835 Probatur.
316 775 474 836 Potentiae
504 777 691 852 spirituales
713 785 789 840 sunt
823 782 857 842 in
888 784 958 844 sola
986 787 1095 846 anima

86 860 235 933 tanquam
250 857 284 914 in
299 855 464 933 subjecto;
482 859 584 935 atqui,
601 861 707 919 anima
724 869 951 936 permanente,
965 865 1096 942 subjee-

88 940 149 994 tum
164 936 279 994 harum
294 935 515 1010 potentiarum
532 942 691 999 remanet.
708 942 791 1018 Ergo
808 948 982 1004 remanent
998 947 1093 1005 etiam

85 1018 248 1090 potentiae,
274 1030 349 1091 quae
371 1016 537 1076 habentur
564 1024 599 1076 ut
627 1019 809 1080 accidentia
838 1024 970 1099 propria
995 1025 1096 1104 hujus

86 1094 229 1166 subiecti.
259 1094 385 1171 Corpus
408 1098 495 1155 enim
531 1101 581 1156 est
609 1099 734 1174 aliquid
762 1105 980 1163 extrinsecum
1004 1104 1095 1166 hisce

85 1175 245 1250 potentiis,
273 1179 306 1233 et
328 1175 402 1235 ideo
427 1175 526 1252 hujus
548 1180 712 1252 corruptio
734 1182 956 1243 interitionem
977 1185 1095 1246 harum

85 1257 299 1330 potentiarum
315 1254 534 1314 determinare
556 1259 682 1333 nequit.

123 1337 186 1394 155.
211 1367 249 1376 -
265 1335 442 1394 Scttott'um.
468 1336 629 1402 Potentiae,
648 1353 723 1412 quae
740 1342 903 1415 eoujtmoti
915 1347 1001 1412 sunt,
1020 1360 1092 1404 001-

84 1420 171 1489 rupto
189 1429 339 1488 corpore,
358 1427 423 1474 non
438 1421 612 1475 remanent
627 1418 699 1489 nisi,
717 1419 759 1478 ad
774 1435 949 1489 summum,
963 1425 1093 1484 virtute.

85 1494 281 1568 Impossibile
305 1498 354 1553 est
379 1495 466 1553 enim
488 1499 524 1554 ut
545 1502 716 1556 remaneat
744 1499 898 1561 accidens
923 1502 1091 1564 destructo

85 1574 226 1650 subjecto
254 1575 289 1633 in
319 1590 383 1650 quo
406 1575 503 1645 inest,
539 1574 693 1651 ideoque,
723 1584 876 1654 corrupto
900 1582 1094 1659 conjuncto,

86 1659 152 1712 ueto
192 1669 391 1727 permanere
422 1661 594 1730 nequeunt
620 1657 810 1734 hujusmodi
841 1663 1009 1734 potentiam
1034 1663 1095 1723 sed

85 1735 193 1792 virtute
207 1737 344 1792 manent
359 1735 392 1792 in
408 1734 526 1802 anima,
543 1751 631 1804 nam,
648 1741 686 1795 ut
699 1737 798 1798 modo
817 1737 969 1813 diximus
986 1742 1094 1802 anima

87 1816 132 1871 est
144 1811 235 1871 radix
258 1815 405 1873 omnium
420 1814 566 1874 vitalium
581 1817 815 1890 potentiarum.

86 1929 152 1990 §itt
168 1930 208 1980 De
222 1926 424 1997 potentiarum
440 1927 628 2052 distinbmiono
643 1929 790 1999 objectiva
804 1931 868 1985 sive
883 1930 962 1986 inter
981 1947 1013 1988 se
1032 1934 1095 1989 sive

503 2013 533 2052 a
555 2014 663 2054 annno.

122 2107 186 2166 156.
211 2139 249 2146 --
275 2103 381 2164 Animi
402 2103 555 2178 potentiae
579 2104 779 2165 considerari
803 2113 942 2183 possunt
970 2110 1095 2171 sivein

85 2185 192 2244 ordine
216 2184 258 2245 ad
279 2183 425 2243 eradicem
442 2200 459 2244 a
477 2199 541 2259 qua
555 2183 673 2257 fluunt,
691 2187 758 2246 sive
774 2187 808 2245 in
822 2187 937 2249 ordine
954 2191 995 2249 ad
1010 2193 1093 2251 invi-

86 2282 161 2324 cem.
178 2265 255 2324 Cum
274 2264 362 2324 enim
385 2262 491 2321 anima
513 2263 546 2322 in
568 2264 701 2324 homine
731 2268 772 2326 sit
798 2283 864 2326 una
889 2273 922 2327 et
942 2271 1092 2344 simplex,

86 2353 112 2405 et
141 2347 298 2418 potentiae
331 2344 443 2418 plures
473 2346 506 2400 et
534 2343 709 2416 distinetae,
746 2362 896 2422 quaerere
933 2347 1095 2409 debemus
1161 2402 1164 2405 .

86 2425 232 2484 1101111111
255 2423 363 2482 anima
383 2421 515 2482 realiter
543 2439 561 2483 a
587 2425 653 2482 suis
680 2427 837 2498 potentiis
862 2427 1093 2505 distinguatur,

85 2506 112 2564 2⁰
132 2521 171 2563 an
194 2508 280 2565 inter
302 2505 388 2578 ipsas
411 2501 575 2578 potentias
598 2505 638 2563 sit
661 2505 760 2564 etiam
787 2505 950 2565 distinctio
984 2507 1092 2569 realis,

123 2585 190 2645 157.
207 2619 244 2625 -
259 2587 305 2642 De
320 2583 521 2642 distinetione
531 2587 640 2658 potent
651 2584 753 2642 'ortam
768 2586 807 2643 01)
820 2590 937 2644 (aretinae
948 2591 1092 2648 assentio.

88 2661 172 2723 Circa
187 2661 429 2725 distinctionem
454 2660 540 2720 inter
563 2659 734 2722 facultates
756 2680 817 2723 seu
839 2665 998 2742 principia
1022 2684 1094 2742 pro·

87 2743 178 2815 xima,
192 2745 311 2819 quihus
324 2742 497 2801 eliciuntur
508 2743 729 2816 operationes
747 2748 781 2802 et
795 2747 972 2805 essentiam
982 2749 1093 2820 animi,

89 2837 143 2882 seu
177 2822 373 2898 principium
407 2825 574 2890 reprotaret,
606 2821 697 2898 quod
725 2826 908 2884 iutotertiote
930 2829 1095 2888 actionem

88 2918 146 2962 non
164 2903 260 2974 elicit,
278 2901 339 2962 sed
355 2904 406 2959 est
419 2898 511 2960 radix
534 2898 700 2961 facultatis
728 2919 746 2962 a
771 2921 835 2979 qua
858 2905 984 2965 elicitur
997 2907 1095 2980 actio,

88 2983 192 3057 plures
208 2986 241 3042 et
256 2979 394 3048 diversae
412 2982 556 3041 existunt
568 2982 753 3042 sententiae.
767 2985 833 3041 1100
845 2985 967 3044 nemini
979 2987 1095 3059 mirum

89 3061 184 3122 videri
207 3061 318 3130 debet,
337 3076 423 3130 nam,
440 3065 476 3118 ut
490 3059 534 3118 ait
550 3061 670 3121 Suarez
685 3060 738 3139 (l),
762 3065 900 3138 questio
925 3065 997 3123 limo
1022 3083 1096 3142 per-

89 3139 218 3202 difficilis
239 3145 302 3201 est.
326 3142 449 3200 Tamen
473 3145 562 3199 extra
586 3140 722 3200 dubium
747 3147 796 3201 est
818 3144 982 3217 potentias
997 3162 1094 3224 orga-

89 3221 169 3282 nicas
184 3220 361 3297 adaequate
383 3223 531 3295 sumptas
545 3220 679 3280 realiter
701 3219 858 3299 distingui
874 3224 914 3283 ab
929 3228 1049 3285 anima.

124 3303 144 3360 1.
168 3300 308 3375 Quidam
331 3299 528 3376 philosophi,
551 3299 597 3357 uti
614 3300 749 3372 Ockam,
765 3301 963 3375 Nominales,
988 3304 1096 3365 Carte-

90 3381 173 3453 01001,
197 3380 390 3440 Pantlieistae
419 3381 452 3437 et
481 3377 645 3456 Ontologi,
669 3379 890 3442 omnimodam
918 3399 1031 3442 veram
1059 3400 1097 3444 00

91 3461 213 3536 proprie
233 3457 355 3520 dictam
368 3456 523 3533 rejiciunt
537 3456 791 3531 distinctionem,
809 3476 870 3520 seu
889 3465 955 3521 tam
973 3463 1098 3523 realem

94 3556 181 3616 quam
197 3539 332 3600 rationis
357 3539 570 3610 ratiocinatae,
594 3544 693 3616 atque
720 3538 840 3600 docent
856 3541 962 3614 ‚animi
986 3559 1097 3602 essen-

120 3660 150 3720 (1)
164 3662 202 3709 De
216 3661 323 3719 animo,
337 3656 381 3706 lib.
396 3658 429 3718 II,
440 3679 465 3708 c.
483 3659 507 3708 Ι.
