2642 4209
252 247 309 308 lta
553 261 738 308 0011110101
754 260 960 306 annosorum

355 406 430 470 5111.
446 406 488 458 De
495 403 753 475 phantasmatibus
763 402 983 473 imaginationis
997 405 1028 457 et
1041 403 1172 464 somniis.

289 541 361 602 235.
391 571 430 582 —
450 541 522 600 tam
541 545 640 600 antea
665 538 807 599 diximus
827 537 915 616 quid>
931 538 973 599 sit
995 538 1196 614 phantasma,
1219 551 1245 604 et

250 618 418 699 quomodo
433 618 652 698 redintegrari
665 620 771 696 possit
785 617 826 678 ab
844 617 1082 696 imaginatione
1104 619 1163 696 (11,
1187 625 1243 695 171,

251 699 333 778 172).
355 700 448 760 Nunc
470 697 592 758 iterum
616 703 650 758 et
672 696 818 759 intimius
841 705 961 758 natura
985 698 1210 774 phantasmatis
1230 721 1244 762 a

249 781 346 843 nobis
360 775 565 841 considerari
583 776 696 838 debet.
714 778 749 837 ln
765 778 828 837 hac
847 793 899 852 re,
919 775 1004 838 facta
1027 780 1062 837 in
1085 780 1189 854 primis
1209 783 1242 842 ob

250 861 364 922 oculos
379 860 457 935 poni
472 857 608 930 debent,
625 862 659 918 01
672 861 790 934 postea
804 856 847 917 ad
861 856 1057 918 eorumdem
1073 859 1241 935 explicatio·

249 957 328 1002 nem
344 938 569 999 deveniemus

290 1022 314 1080 l.
330 1023 429 1080 Facta
450 1034 521 1092 aaa
540 1021 697 1077 amaram
705 1016 946 1091 phantasmatis
959 1021 987 1078 ct
1005 1020 1125 1078 0001011·
1133 1021 1243 1093 patefa-

250 1115 322 1161 cere
339 1102 496 1174 possunt:
808 1148 811 1154 .

286 1179 357 1240 236.
387 1211 426 1220 -
457 1180 486 1237 1ο
512 1175 744 1236 Phantasmata
765 1175 1006 1251 imaginationis
1023 1177 1245 1237 connexionem

246 1261 398 1320 intimam
425 1256 550 1317 habent
572 1271 648 1314 cum
677 1259 941 1330 temperamento
975 1255 1197 1334 subjectorum
1220 1258 1244 1315 iu

248 1339 369 1416 quibus
389 1337 584 1398 excitantur.
607 1334 740 1394 Certum
762 1340 812 1394 est
836 1337 925 1394 enim
939 1335 1167 1412 phantasmata
1185 1351 1244 1396 esse

248 1421 377 1481 diversa
391 1433 450 1493 pro
472 1415 660 1476 diversitate
684 1429 916 1492 personarum
940 1418 973 1473 in
992 1414 1245 1477 adolescentibus

246 1501 335 1560 euim
351 1502 385 1557 et
398 1495 527 1557 feminis
541 1494 716 1555 vividiores
730 1497 807 1553 sunt
816 1495 1060 1572 imaginationis
1074 1510 1243 1572 100100000-
1285 1520 1286 1581 3

245 1583 406 1647 tationes;
428 1576 462 1635 in
483 1574 711 1636 constantibus
732 1573 808 1634 viris
834 1572 1023 1636 debiliores.
1046 1574 1109 1637 Pro
1133 1575 1244 1636 diversa
1285 1588 1286 1649 1

246 1660 345 1720 etiarn
364 1654 553 1718 valetudine
577 1655 762 1730 reperimus
788 1653 941 1715 eamdem
965 1654 1188 1717 diversitatem
1219 1658 1243 1712 10
1285 1652 1286 1717 3

244 1737 538 1816 phantasmatibus.
575 1735 656 1794 Sunt
695 1736 783 1793 enim
799 1733 877 1794 10010
902 1739 960 1796 001
985 1735 1138 1807 molesta,
1163 1742 1243 1813 prout
1285 1734 1286 1805 ζ

245 1819 319 1898 quis
333 1817 452 1878 actuali
467 1815 581 1875 morbo
599 1812 777 1884 detinetur,
794 1818 850 1874 aut
875 1813 916 1874 ab
936 1817 1026 1875 omni
1047 1815 1241 1876 incommodo
1285 1810 1287 1853 l

246 1897 393 1974 corporis
405 1900 492 1955 statu
505 1894 589 1956 liber
603 1897 665 1953 est.
1285 1905 1287 1910 ·

286 1979 321 2038 ld
344 1990 442 2036 omne
466 1973 557 2052 quod
582 1973 734 2051 percellit
755 1976 902 2050 systema
924 1989 1097 2045 narseum,
1124 1974 1242 2050 phanta-
1285 1946 1287 2059 ξ

244 2059 325 2120 siam
346 2059 459 2134 urgan
486 2053 562 2115 hino
576 2058 682 2114 slatus
699 2053 826 2113 cerebri
841 2059 898 2114 aut
909 2054 1016 2136 cordis
1030 2055 1086 2115 vel
1099 2055 1242 2115 stomachi

245 2138 425 2215 plurimum
438 2135 527 2195 valet
540 2135 573 2195 in
589 2133 805 2210 phantasiam.

283 2219 318 2277 2⁰
343 2217 452 2276 Status
482 2215 582 2275 animi
603 2229 645 2273 ex
673 2213 775 2272 altera
802 2217 897 2289 parte
925 2213 1024 2272 etiam
1059 2212 1242 2277 determinat

245 2295 374 2358 diversa
402 2294 648 2371 phantasmata;
682 2291 815 2368 quando
844 2293 917 2371 quis
943 2292 1053 2369 aliqua
1075 2292 1153 2354 idea
1170 2294 1240 2355 deti·
1284 2346 1285 2383 ,

243 2382 353 2447 netur,
376 2376 449 2436 haeo
475 2374 549 2434 idea
564 2371 835 2450 imaginationem
848 2373 987 2448 impellit
1001 2372 1044 2432 ad
1061 2374 1242 2450 1011001100-

242 2451 810 2599 100111010010110000.111001100110
832 2454 921 2513 enim
945 2456 1035 2513 certo
1057 2453 1242 2514 haecomnia

266 2540 456 2598 amonstrat.

279 2619 351 2678 237.
364 2649 403 2658 -
419 2613 454 2674 ld
469 2611 560 2690 qnod
573 2610 618 2672 ad
632 2611 758 2671 somnia
778 2611 905 2685 attinet,
918 2611 1022 2687 plura
1049 2611 1148 2673 ctiam
1171 2609 1242 2672 facta
1284 2630 1285 2681 ;

242 2701 320 2758 sunt
348 2697 465 2758 notatu
489 2692 600 2771 digua.
628 2689 760 2751 Somnia
785 2693 883 2759 enim,
914 2692 999 2752 sicut
1025 2691 1241 2768 phantasmata
1284 2718 1286 2781 p

243 2792 319 2855 quae
332 2776 367 2836 in
381 2777 468 2835 statu
490 2772 604 2848 vigiliae
630 2773 825 2845 excitantur,
850 2772 912 2832 alia
934 2786 1030 2831 suam
1049 2773 1205 2850 originem
1225 2789 1240 2831 a
1284 2836 1285 2849 2

243 2871 381 2933 corpore
407 2853 550 2923 trahunt,
579 2852 640 2912 alia
671 2851 712 2910 ab
741 2851 859 2910 anima.
887 2851 967 2912 lude
989 2850 1025 2910 tit
1047 2855 1084 2910 ut
1099 2850 1239 2928 quaedaru
1284 2854 1286 2900 :

242 2937 369 2998 somnia
398 2934 547 2994 dicantur
569 2931 730 3001 morbida,
758 2930 876 2990 010110
900 2946 967 2992 non
981 2930 1144 3005 morbida,
1158 2936 1240 3007 prout
1284 2920 1286 2975 Ι

241 3012 437 3096 aegritudiue
454 3011 597 3091 quadam
611 3011 665 3071 vel
677 3011 772 3070 aliter
787 3010 927 3070 excitata
942 3008 1086 3072 fuerunt.
1105 3013 1239 3071 Amoena

243 3097 332 3158 enim
359 3093 594 3170 impressiones
617 3106 743 3152 anteana
762 3103 858 3150 sensa
881 3090 1023 3152 excitare
1040 3094 1187 3167 possunt,
1208 3106 1240 3150 ac
1283 3092 1284 3167 1

241 3175 382 3254 proinde
407 3191 482 3235 oum
503 3187 621 3249 corpus
646 3185 764 3231 somno
786 3170 963 3244 relaxatur,
990 3172 1017 3232 si
1038 3171 1175 3232 amoenis
1193 3176 1240 3232 aut
1283 3198 1284 3249 1

240 3256 376 3336 ingratis
387 3270 546 3315 sensuum
556 3248 830 3327 impressionibus
841 3248 989 3321 afficitur,
1002 3251 1129 3311 somnia
1140 3256 1241 3310 evocat

240 3337 332 3398 hisce
346 3331 620 3411 impressionibus
633 3327 882 3406 respondentia.
895 3331 930 3390 ln
945 3346 1061 3392 somno
1073 3331 1239 3391 0011111010·-

241 3421 361 3478 xantur
389 3415 535 3490 corporis
566 3409 753 3472 functiones
782 3412 815 3469 et
843 3414 936 3471 actus
964 3409 1074 3478 animi,
1102 3411 1160 3471 sed
1182 3426 1237 3470 uon

242 3498 374 3572 penitus
390 3494 565 3554 abolentur
582 3510 589 3550 :
606 3491 682 3549 hinc
708 3491 845 3558 animus,
872 3490 949 3550 licet
962 3490 1071 3549 minus
1088 3490 1137 3549 sui
1159 3506 1236 3549 cam-

242 3591 315 3651 pos
328 3589 404 3633 suas
422 3577 531 3631 tamen
546 3571 756 3643 operationes
771 3569 934 3642 producit,
951 3567 1012 3628 sed
1023 3568 1211 3629 inordinate.

282 3655 353 3714 238.
384 3685 422 3696 -
455 3649 586 3709 Somnia
613 3647 776 3707 hahentur
797 3651 955 3725 tanquam
983 3647 1117 3727 objecta
1139 3649 1236 3710 100110.
