2642 4209
223 261 227 270 ’
260 285 459 330 unrarursrm
479 283 638 331 sensuris.
656 301 693 314 ·-
708 284 920 333 rsrcnonoun.
1045 273 1100 342 131

87 402 157 459 tere
183 397 310 461 bonum
339 396 429 466 idem
454 403 511 460 est
540 415 577 460 ae
609 415 762 478 quaerere
786 397 989 463 felicitatem.
1015 402 1102 481 Ergo
1183 449 1187 456 ·

83 479 246 548 voluntas,
271 478 382 556 quoad
394 476 496 540 'finem
510 479 674 554 ultimum,
690 481 843 542 libertate
860 482 1103 545 contrarietatis

84 563 142 620 aut
163 558 418 636 specificationis
441 563 541 620 caret.
897 606 899 611 .
950 610 953 617 .
1093 575 1095 579 ·

125 639 163 698 ll.
187 641 290 700 Actus
321 639 403 700 liber
435 637 709 702 deliberationem
741 639 887 718 aliquam
912 641 1102 706 necessario

86 720 290 795 expostulat3
321 719 412 796 atqui
440 717 576 780 ultimus
606 718 692 794 finis,
719 735 780 781 seu
810 718 960 795 felicitas,
986 725 1024 782 ut
1054 723 1103 784 sio

85 800 305 876 apprehensa,
328 799 362 860 in
384 798 656 861 deliberationem
677 799 797 861 adduci
818 799 958 878 nequit:
974 803 1103 882 nullum
1121 841 1123 844 -

86 879 176 940 enim
207 885 300 940 extra
329 878 413 939 illam
448 882 501 939 est
530 880 656 940 bonum
688 880 739 940 cui
770 881 953 956 comparari
983 883 1100 960 possit.

85 960 169 1036 Ergo
192 959 334 1020 beatitas
355 959 525 1038 objectum
547 975 620 1020 esse
642 961 759 1038 nequit
780 965 874 1020 actus
894 961 1000 1023 liberi.

122 1040 195 1100 215.
219 1073 257 1082 -
281 1039 514 1100 corollarium.
537 1039 617 1099 Hinc
643 1041 670 1100 si
698 1039 838 1101 felicitas
863 1041 908 1102 ila
934 1043 1099 1123 asselin-

86 1117 233 1180 telleclui
264 1122 296 1178 et
321 1119 480 1180 voluntati
510 1133 660 1195 praesens
690 1125 728 1180 ut
757 1118 848 1180 nulla
872 1119 994 1198 ‘posset
1025 1138 1100 1184 esse
1142 1147 1170 1173 ⁴·

83 1199 270 1260 obscuritas
283 1199 317 1258 in
333 1197 579 1278 cognoscendo,
598 1215 667 1259 non
681 1202 870 1269 remaneret
884 1201 984 1262 etiam
1003 1201 1101 1263 liber-

84 1283 131 1338 tas
155 1276 422 1340 contradictionis
444 1280 479 1339 in
500 1277 702 1355 appetendo.
719 1279 810 1340 Beati
832 1295 913 1358 ergo
935 1297 1004 1343 non
1023 1286 1102 1343 sunt

83 1358 176 1420 liberi
203 1358 355 1419 libertate
381 1357 613 1419 indifferentiae
643 1357 754 1437 quoad
780 1360 950 1439 objectum
977 1362 1099 1437 prima·

83 1441 168 1498 rium
189 1437 366 1499 beatitatis.
1010 1479 1013 1482 .

120 1518 193 1580 216.
217 1552 256 1561 -
278 1517 458 1578 Sebotiuur.
481 1516 544 1592 Qui
569 1518 638 1577 vult
662 1516 773 1589 finem,
796 1518 868 1579 vult
894 1519 1004 1581 media
1029 1521 1100 1582 sine

84 1598 202 1676 quibus
236 1596 278 1658 ad
307 1599 394 1658 hunc
426 1595 528 1658 finem
558 1613 627 1658 non
654 1601 870 1676 pertingeret.
895 1600 1101 1675 impossibile

85 1681 172 1740 enim
195 1681 245 1738 est
267 1683 302 1737 ut
323 1677 432 1740 volitio
461 1674 534 1737 finis
561 1677 603 1736 sil
630 1681 722 1737 recta
750 1679 925 1755 quominus
952 1680 1101 1743 includat

84 1757 274 1819 volitionem
304 1757 490 1819 mediorum
520 1759 796 1818 necessariorum.
820 1757 901 1819 lliuo
928 1757 1020 1821 idem
1047 1761 1100 1823 di·

87 1837 231 1899 cendum
253 1841 305 1898 est
326 1837 368 1899 de
391 1835 595 1914 appetitione
616 1837 803 1898 mediorum
825 1854 896 1916 quae
930 1855 1005 1901 cum
1032 1839 1100 1906 fine

85 1917 276 1988 necessario
298 1922 487 1986 nectuntur,
511 1932 610 1994 quam
633 1915 674 1977 de
696 1917 767 1994 ipso
788 1915 866 1980 fine.

85 2060 151 2120 217.
176 2094 216 2103 —
236 2060 344 2119 Tussis
365 2057 430 2117 Vll.
455 2059 570 2128 Quoad
589 2057 674 2116 boue
686 2057 911 2132 particular-iu
931 2076 1002 2136 quea
1025 2079 1099 2126 eum
1137 2094 1140 2100 ,

121 2139 184 2213 fine
212 2154 275 2199 riou
302 2137 482 2198 necessario
512 2140 753 2208 conuertuntur,
777 2139 927 2199 voluutas
950 2151 1099 2204 remanet

122 2219 319 2289 liberarer
337 2219 432 2278 uredo
451 2217 560 2292 quoad
579 2217 784 2289 exercitium,
799 2219 856 2280 sed
875 2222 973 2280 etiam
989 2226 1097 2297 quoad

122 2298 402 2374 specificatiouem.

120 2443 214 2503 Noto.
239 2439 335 2515 Quod
365 2440 409 2501 ad
438 2438 626 2500 libertatem
663 2439 810 2500 exercitii
839 2447 978 2515 spectat,
1010 2446 1044 2506 id
1074 2463 1094 2510 a

85 2521 205 2584 fortiori
228 2521 353 2582 eruitur
374 2537 417 2581 ex
434 2523 532 2580 antea
552 2519 709 2596 probatis.
733 2519 782 2598 (ll,
805 2519 891 2596 214).

121 2617 217 2678 Prob.
241 2618 263 2676 l.
288 2615 435 2680 Libertas
455 2615 578 2676 arbitrii
598 2616 663 2674 stat
683 2616 717 2674 in
738 2618 904 2691 potestate
926 2618 1092 2698 eligendi3

87 2699 173 2774 atqui
200 2699 285 2757 circa
309 2697 397 2756 bona
423 2693 642 2771 particularia,
671 2708 732 2754 seu
756 2691 839 2756 fines
867 2700 1093 2775 particulares,

82 2791 214 2854 semper
233 2775 442 2852 reperiuntur
462 2775 575 2851 plures
598 2775 728 2836 termini
750 2774 944 2838 electionis:
967 2781 1094 2844 nullum

83 2859 167 2917 enim
187 2856 305 2918 horum
325 2856 489 2917 bonorum
511 2869 586 2914 cum
608 2853 740 2932 objecto
772 2853 949 2931 adaequato
974 2863 1092 2923 volun·

82 2937 154 2997 tatis
168 2937 355 2998 necessario
372 2936 592 3006 connectitur3
611 2937 704 2994 extra
726 2933 860 3012 aliquod
880 2936 1006 2999 bonum
1020 2949 1093 3019 par-

81 3017 225 3085 ticulare,
248 3018 573 3094 semper-remanent
594 3014 655 3075 alia
676 3013 775 3074 bona.
792 3014 951 3076 Praeterea
972 3020 1092 3083 bonum

81 3096 273 3173 particulare
294 3111 363 3156 non
385 3099 436 3156 est
459 3095 659 3170 expletivum
680 3091 857 3167 facultatis,
880 3111 955 3173 quae
978 3101 1092 3165 indefi-

81 3173 147 3238 nite
171 3181 329 3253 appetere
357 3178 479 3251 potest.
504 3175 589 3253 Ergo
614 3173 768 3234 voluntas
795 3189 878 3234 circa
905 3176 979 3239 haec
1005 3182 1091 3247 bona

81 3260 184 3318 servat
213 3269 348 3333 semper
377 3258 578 3331 potestatem
612 3251 769 3330 eligendi,
801 3269 863 3315 seu
894 3263 945 3318 est
974 3259 1090 3335 libera,

82 3335 227 3401 libertale
246 3331 499 3414 specificationis
520 3338 554 3394 et
575 3331 852 3396 contradictionis.

63 3491 66 3499 .
120 3434 211 3496 Prot.
235 3435 273 3494 ll.
297 3431 443 3492 Libertas
465 3428 576 3508 quoad
596 3427 876 3506 specificationum
907 3439 1092 3512 expostulat

83 3513 283 3576 solummodo
315 3517 352 3572 ut
380 3513 444 3571 sint
474 3511 587 3588 plures
618 3507 748 3570 termini
774 3509 962 3588 electionis;
990 3533 1089 3592 porro

83 3594 165 3654 bona
185 3592 392 3670 particularia
413 3606 546 3668 semper
567 3588 632 3650 duo
654 3603 724 3666 prae
747 3605 783 3649 se
805 3588 914 3652 ferunt
929 3612 936 3652 ε
953 3611 1087 3675 nempe,

87 3676 114 3736 1⁹
134 3675 287 3753 aliquam,
304 3673 384 3754 boni
412 3671 587 3744 rationem,
615 3670 647 3730 2⁰
676 3668 856 3747 quemdam
884 3673 964 3735 boni
994 3675 1090 3740 defe.
