2642 4209
260 274 458 319 uursnnrsrcn
479 272 634 315 senentis
651 290 690 298 -
705 274 811 316 runos.
834 275 901 315 uas.
1034 252 1094 317 219

70 392 188 447 actum
211 404 272 448 seu
297 388 339 449 ad
361 386 540 467 quamdam
571 402 691 447 novam
722 385 891 447 entitatem
923 384 1095 463 acquiren-

71 467 166 528 dam.
191 471 276 546 Ergo
309 484 351 530 ex
381 468 461 529 falso
498 471 722 543 consequente
753 471 844 543 patet
870 464 990 527 falsum
1021 480 1095 525 esse

71 548 296 609 antecedens.

115 628 151 687 3⁰
166 628 256 689 Deus
278 628 465 689 coalescere
487 628 603 704 nequit
625 641 665 685 ex
681 626 832 700 partibus
847 626 914 686 sive
931 627 1097 700 r'otepruu-

70 707 163 767 tibus
194 709 263 768 sive
289 708 520 783 quantitatibus,
553 712 590 767 ut
613 710 742 765 constat
760 722 801 765 ex
827 704 919 767 dictis
944 707 977 765 in
1000 719 1096 782 argu-

73 790 204 847 mentis
218 788 492 865 generalioribus.

119 869 286 927 Probatur
305 870 337 928 2²
358 885 439 942 pers
463 865 684 926 antecedentis.
713 864 806 926 Nulla
830 867 864 926 in
889 866 957 924 Deo
981 861 1096 923 admit-

74 945 182 1005 tenda
205 953 256 1007 est
276 944 470 1023 compositio
492 946 728 1023 metaphysica.
745 944 969 1020 Compositum
989 948 1094 1004 meta-

75 1025 256 1104 physicum
278 1032 329 1088 est
349 1028 401 1087 vel
424 1042 465 1086 ex
486 1040 612 1103 genere
634 1031 668 1086 et
690 1024 883 1091 differentia,
906 1025 959 1085 vel
981 1040 1021 1083 ex
1036 1038 1095 1100 po·

75 1108 184 1166 tentia
206 1112 339 1178 electu,
360 1107 413 1166 vel
443 1121 581 1166 exesse
614 1110 647 1165 et
674 1106 828 1178 essentia,
866 1105 918 1164 vel
951 1104 1095 1179 denique

76 1200 123 1245 ex
146 1193 263 1247 natura
293 1192 326 1247 et
355 1186 537 1263 supposito.
567 1186 665 1246 Porro
704 1187 733 1245 1ο
766 1187 799 1244 in
832 1186 899 1245 lieo
930 1199 997 1244 non
1021 1197 1096 1243 esse

76 1267 357 1422 (compositionem
392 1282 433 1326 ex
462 1281 587 1343 genere
617 1271 649 1324 et
679 1263 875 1338 differentia,
910 1268 1034 1324 constat
1057 1277 1098 1322 ex

100 1346 176 1405 lctis
199 1348 247 1422 (ll,
272 1348 353 1408 340.

117 1427 262 1487 2⁰1teus
284 1443 351 1486 non
374 1427 582 1501 componitur
604 1440 644 1483 ex
668 1427 743 1485 actu
764 1428 793 1491 et
812 1423 973 1499 polenum
993 1421 1093 1500 hujus

77 1506 171 1563 enim
220 1506 308 1567 modi
355 1506 583 1583 compositum,
619 1508 784 1581 quatenus
819 1503 937 1579 partlm
973 1505 1023 1562 est
1065 1501 1099 1561 in
1195 1577 1196 1580 Ἴ

76 1587 241 1659 potentia,
275 1578 385 1663 perfici
406 1591 533 1662 potest;
565 1600 643 1661 ergo
670 1583 751 1649 illud
778 1598 852 1641 esse
884 1582 1001 1658 nequit
1033 1596 1094 1641 ens

77 1662 370 1739 perfectissimum.

122 1744 154 1803 3⁴·
176 1746 269 1805 Nulla
292 1747 323 1806 in
345 1746 414 1806 Deo
441 1742 521 1823 fingi
542 1747 652 1822 potest
673 1740 864 1819 compositio
899 1757 939 1799 ex
965 1741 1101 1801 essentia

80 1827 212 1980 ἕξιὲῗεθ,
235 1824 400 1904 siquidem
422 1826 596 1885 existentia
626 1828 678 1884 est
704 1822 746 1883 de
778 1821 921 1881 essentia
954 1821 1013 1880 ltei
1049 1819 1099 1900 (ll,

122 1983 156 2042 4>
178 1981 271 2042 Nulla
293 1986 415 2060 pariter
437 1989 486 2044 est
512 1984 703 2059 compositio
728 1997 769 2041 ex
789 1983 958 2040 naturaei
981 1995 1097 2055 suppo-

79 2062 155 2135 sito,
180 2065 257 2140 quia
278 2064 311 2123 in
333 2066 402 2124 Deo
425 2065 636 2126 subsistentia
658 2060 785 2138 concipi
808 2060 924 2136 nequit
945 2063 981 2119 ut
1002 2059 1098 2119 reali-

80 2145 134 2202 ter
158 2141 310 2203 distincta
332 2160 350 2205 a
372 2149 498 2216 natura,
516 2144 693 2220 quominus
715 2140 1050 2214 naturaconoipiatur
1064 2143 1102 2199 ut

78 2219 309 2297 perfectibilis.
341 2240 402 2284 seu
432 2233 467 2285 ut
498 2239 603 2300 capax
633 2222 769 2300 alicujus
801 2220 974 2290 auctionis,
1012 2217 1102 2296 quod

79 2306 261 2379 repugnat.
284 2304 368 2381 Ergo
391 2305 479 2365 Deus
502 2321 520 2364 a
542 2320 578 2365 se
600 2308 749 2363 removet
771 2300 952 2377 quamlibet
968 2315 1102 2376 compo-

80 2381 239 2442 sitionem
259 2384 530 2463 metapliysicam.

122 2463 199 2523 352.
237 2495 276 2506 -
308 2467 381 2524 Cor.
415 2465 500 2541 Ergo
532 2460 653 2522 falsum
675 2466 725 2521 est
747 2458 825 2520 illud
850 2462 998 2519 insanum
1019 2457 1101 2518 Pan-

83 2541 279 2601 theisiarum
293 2540 499 2620 figmentum,
516 2543 606 2621 quod
623 2542 693 2620 jam
709 2542 859 2617 superius
881 2537 1005 2599 directe
1022 2554 1102 2597 con-

81 2619 261 2683 futavimus
282 2620 332 2700 (it,
358 2625 405 2685 19.
421 2623 489 2700 22);
512 2638 604 2700 reque
626 2621 727 2682 falsus
751 2625 801 2679 est
814 2635 906 2694 error
921 2619 1099 2693 anthropo-

83 2702 325 2776 morphitarum
346 2705 400 2780 qui
423 2705 527 2765 Deum
557 2718 631 2763 esse
658 2716 850 2775 corporeum
873 2698 1045 2775 putabant,
1068 2696 1102 2755 in

84 2797 230 2857 quorum
252 2784 370 2842 erroris
391 2784 614 2860 suspicionem
634 2784 770 2841 vocatus
790 2777 852 2838 fuit
871 2777 1100 2847 Tertullianus,

84 2860 149 2923 sed
173 2862 344 2931 immerito,
362 2862 455 2941 juxta
479 2862 734 2939 probabiliorem
756 2858 961 2919 sententiam.

127 2942 198 3002 353.
221 2976 261 2985 —
285 2942 361 3004 Scit.
383 2944 521 3005 Trinitas
545 2956 757 3017 personarum
780 2938 912 2998 realiter
934 2936 1099 2998 distincta-

84 3036 158 3081 rum
181 3022 214 3081 in
236 3022 304 3083 Deo
327 3038 394 3082 non
427 3023 554 3084 inducit
585 3018 867 3097 compositionem.
900 3013 1099 3093 Compositio

84 3102 176 3161 enim
199 3105 249 3161 est
279 3104 503 3163 distinctorum
529 3102 607 3161 unio
630 3120 637 3133 ·
661 3115 759 3176 porro
792 3088 910 3159 [livinae
933 3110 1098 3174 personae,

85 3186 251 3257 quatenus
272 3183 306 3241 in
330 3183 473 3243 essentia
496 3182 664 3251 uniuntur,
688 3192 755 3238 non
782 3177 1039 3256 distinguuntur,
1072 3181 1104 3235 et

85 3264 255 3337 quatenus
287 3259 545 3340 distinguuntur,
571 3274 638 3320 non
669 3258 840 3329 uniuntur,
877 3261 914 3318 ut
945 3257 1101 3317 demons-

86 3343 174 3400 trant
192 3341 351 3421 Theologi
373 3342 406 3401 in
428 3345 567 3402 tractatu
582 3340 624 3401 de
646 3340 700 3399 SS.
724 3338 891 3399 Trinitate.
914 3338 999 3417 Ergo
1015 3335 1104 3396 nulla

85 3420 318 3482 distinctorum
339 3421 416 3482 unio
439 3421 590 3494 habetur,
613 3435 675 3480 seu
697 3417 902 3495 compositio.
