2642 4209
237 253 294 314 178
541 253 724 314 0111111101
743 267 947 312 ruuosonunu

234 384 410 448 municatio
434 382 654 446 revelatarum
678 386 855 446 veritatum
878 401 940 445 seu
962 387 1111 459 traditio,
1134 387 1171 447 iis
1194 391 1239 466 qui

234 481 370 527 sensum
385 462 559 524 verborum
574 464 665 526 nullo
686 468 785 542 pacto
804 465 1037 543 intelligerent.
1064 467 1187 541 Quibus
1205 468 1239 530 de

235 545 342 608 causis
371 544 476 604 omnis
496 544 617 604 veritas
640 560 682 605 ex
705 544 814 606 divina
833 547 1037 608 revelatione
1061 552 1194 609 externa
1213 555 1240 610 01

233 625 346 688 sociali
363 622 535 685 traditione
551 627 650 686 unice
666 627 775 700 repeti
790 626 915 703 nequit.

272 705 392 767 180-
409 705 530 763 Corott.
547 704 593 764 Ex
609 704 703 764 dictis
718 705 818 780 plane
835 705 1051 782 consequitur
1064 704 1236 769 traditione·
1285 768 1286 777 ,

232 786 363 846 lismum
378 782 556 860 quamdam
569 787 748 860 importare
762 782 990 849 confusionem
1005 785 1092 846 inter
1103 786 1236 848 ordinem
1285 788 1286 813 ³

232 864 417 926 naturalem
434 868 467 922 et
483 865 786 940 supernaturalem;
804 867 960 927 veritates
975 866 1064 925 enim
1076 867 1236 944 cujuslibet

233 944 368 1016 ordinis,
384 943 495 1004 1111100
511 949 702 1022 systemate,
731 945 920 1005 nullatenus
943 944 1101 1006 differunt
1123 949 1234 1010 ratione
1284 970 1286 1031 3

233 1024 322 1088 modi
364 1039 429 1101 quo
463 1024 559 1085 nobis
593 1024 859 1093 manifestantur;
890 1024 957 1086 imo
992 1032 1073 1086 ratro
1108 1025 1234 1089 humana
1285 1042 1286 1069 t

233 1104 351 1166 eadem
385 1104 483 1179 plane
498 1103 702 1164 detineretur
725 1104 986 1179 impossibilitate
1012 1112 1166 1181 respectu
1186 1125 1233 1169 cu·
1285 1158 1286 1169 ,

228 1185 348 1264 jusque
362 1184 506 1244 veritatis
522 1184 591 1244 sive
606 1184 763 1245 naturalis
777 1185 846 1246 sive
861 1187 1128 1273 supernaturalis.
1285 1174 1286 1199 ¹

231 1308 301 1370 289.
332 1339 369 1351 -
396 1308 503 1368 Trrnsis
543 1307 593 1368 lll.
613 1313 728 1368 Sermo
757 1308 836 1383 ipse,
866 1307 938 1367 ticet
967 1311 1006 1369 dc
1026 1308 1110 1383 facto
1139 1312 1232 1384 prino

271 1389 397 1449 bomini
412 1404 434 1446 0
456 1391 520 1446 Deo
542 1388 637 1446 datos
661 1388 777 1461 suerit,
799 1391 955 1463 potuisset
976 1393 1084 1449 tomen
1105 1389 1232 1452 obsolute

270 1468 427 1543 loquendo
444 1467 485 1526 ab
500 1466 628 1526 1101111110
638 1467 787 1527 inveniri.

270 1587 363 1646 Noto.
383 1584 411 1643 l⁰
424 1579 692 1642 Traditionalistae
705 1582 775 1642 sive
789 1581 922 1641 incaute
937 1583 1007 1642 sive
1027 1581 1070 1644 de
1089 1581 1231 1644 industria

229 1663 283 1724 hic
306 1659 429 1722 factum
456 1676 531 1721 cum
558 1661 775 1737 possibilitate
806 1661 1022 1723 confundunt.
1051 1661 1101 1723 Ad
1122 1664 1230 1736 factum

231 1743 320 1802 enim
335 1739 424 1819 quod
440 1744 568 1812 attinet,
586 1755 685 1801 nemo
701 1755 816 1802 eorum
832 1742 888 1818 qui
900 1740 979 1802 fidei
992 1742 1153 1820 principiis
1164 1748 1230 1803 sunt

229 1823 356 1891 imbuti,
374 1820 535 1892 inficiatur
548 1835 735 1880 sermonem
758 1822 863 1896 primo
878 1822 1002 1882 homini
1025 1823 1087 1882 boc
1110 1822 1228 1883 0010110
1285 1820 1287 1887 ἰ

229 1903 324 1972 modo
347 1900 459 1962 datum
482 1898 599 1973 iuissc;
630 1905 831 1960 nouantem
854 1901 923 1961 sola
948 1902 1154 1980 inquisitione
1181 1908 1228 1963 aut
1285 1894 1287 1983 ξ

230 1979 389 2043 industria
405 1983 688 2057 protoparentum,
704 1982 776 2040 sine
791 1981 858 2040 ullo
873 1982 1009 2057 speciali
1031 1983 1091 2043 Dei
1112 1983 1226 2054 auxilio,
1285 1990 1287 2061 ξ

230 2059 371 2136 adeptus
397 2065 457 2121 cst.
484 2060 699 2121 ltotionalistae
724 2060 785 2120 soli
809 2057 969 2122 affirmare
995 2062 1066 2121 ausi
1090 2066 1162 2122 sunt
1180 2061 1226 2122 ho·

228 2141 335 2202 mines
350 2141 554 2213 successive,
565 2156 626 2215 per
640 2139 761 2199 multos
776 2140 900 2217 gradus
916 2156 954 2201 ac
969 2156 1056 2214 sero,
1073 2157 1164 2202 usum
1172 2157 1227 2201 ser-

229 2222 334 2282 monis
352 2226 548 2281 consecutos
564 2221 680 2279 luisse.
694 2219 877 2295 Disputatio
902 2222 1003 2299 igitur
1024 2221 1111 2281 inter
1131 2220 1225 2282 liadi-

230 2302 409 2362 tionalistas
439 2305 472 2360 et
496 2299 616 2361 veteris
646 2299 859 2376 philosophia
885 2301 1056 2362 catholicae
1084 2308 1227 2364 amatores

231 2382 318 2443 circa
336 2382 582 2456 possibilitatem
597 2381 695 2440 unice
710 2384 869 2440 versatur.

267 2463 361 2523 Noto.
371 2464 402 2522 2¹
413 2461 484 2520 Non
501 2460 632 2528 desunt,
648 2457 739 2519 inter'
748 2459 860 2519 Patres
873 2459 1037 2533 Ecclesia,
1054 2460 1111 2536 qui
1126 2458 1226 2520 docent

228 2542 401 2611 Auernum,
419 2557 460 2600 ex
474 2542 586 2600 innata
600 2541 632 2600 vi
645 2538 806 2617 loquendi
822 2544 855 2601 et
868 2544 1004 2616 recepta
1026 2556 1046 2600 a
1061 2541 1128 2600 Deo
1146 2539 1225 2600 intel·

227 2622 374 2699 ligantia,
392 2635 526 2680 sensum
544 2618 661 2680 talibus
676 2619 811 2697 syllabis
840 2619 993 2681 tribuisse
1018 2639 1025 2680 :
1050 2619 1096 2680 ita
1112 2623 1227 2680 sanctus
1284 2640 1286 2693 ς

229 2700 405 2780 Gregorius
421 2701 598 2779 Nyssenus,
623 2704 758 2758 sanctus
779 2699 926 2762 Basilius.
953 2698 1019 2760 Sed
1041 2699 1095 2760 hic
1118 2698 1157 2759 de
1178 2714 1225 2774 pe·

229 2781 341 2841 culiari
357 2779 453 2842 modo
471 2791 535 2858 quo
554 2782 642 2839 lleus
657 2779 854 2840 intrinsecus
869 2780 974 2859 primo
989 2779 1113 2839 homini
1126 2780 1226 2856 loque·

227 2861 293 2922 lam
310 2862 467 2938 elargitus
484 2864 545 2931 est,
560 2875 628 2920 non
644 2873 794 2936 agemus.

265 2942 364 3002 Prob.
384 2946 413 3005 1υ
426 2940 520 3001 Nulla
536 2937 744 3016 deprehendi
758 2938 870 3015 potest
895 2939 1071 2998 intrinseca
1091 2937 1229 3014 impossi-

226 3019 335 3082 bilitas
357 3021 389 3083 in
406 3037 444 3082 co
461 3019 552 3097 quod
567 3019 665 3079 1101110
690 3032 879 3078 sermonem
901 3017 1049 3080 inveniat
1076 3016 1231 3094 supposita

224 3101 366 3162 naturali
390 3097 546 3161 facultate
562 3098 722 3176 loquendi
738 3095 796 3158 :id
812 3100 900 3160 enim
924 3096 1042 3158 dicitur
1067 3097 1231 3158 intrinsece

225 3180 428 3256 impossibile
445 3179 535 3260 quod
557 3179 704 3256 implicat
718 3176 1029 3253 contradictionem;
1046 3178 1138 3256 atqui
1150 3177 1231 3237 abso-

225 3261 294 3320 11110
309 3276 376 3322 11011
400 3263 567 3339 repugnat
591 3257 761 3330 1111101110,
785 3257 898 3319 innata
922 3258 953 3319 vi
974 3257 1136 3335 loquendi
1155 3271 1230 3335 prae-

226 3339 326 3409 ditus,
351 3356 423 3401 rem
450 3340 603 3401 sensibus
632 3341 847 3400 occurentem
873 3341 957 3398 nutu
978 3339 1088 3416 aliquo
1113 3344 1145 3399 et
1170 3336 1233 3414 qui·

223 3419 366 3482 busdam
387 3421 477 3480 sonis
499 3418 680 3480 articulatis
703 3417 855 3478 distincte
891 3422 1129 3479 commonstret
1160 3417 1230 3478 aliis.

224 3501 330 3560 Habet
344 3501 433 3560 enim
447 3498 545 3557 homo
562 3498 595 3556 in
610 3498 700 3557 hisce
716 3496 879 3575 adjunctis
894 3497 974 3573 quid
999 3497 1056 3558 uid
1069 3497 1233 3574 requiritur

225 3577 268 3637 ad
291 3577 453 3638 vocabula
480 3578 612 3654 proprio
640 3579 746 3636 marte
770 3574 923 3638 cudenda
949 3514 1101 3638 :iruitur
1132 3578 1233 3637 innata

224 3654 382 3718 facultate
395 3653 566 3733 loquendi,
590 3660 623 3717 et
645 3652 693 3715 illi
715 3653 916 3733 objiciuntur
939 3672 993 3718 res
1017 3671 1169 3720 sermone
1190 3651 1232 3717 et·
