2642 4209
513 234 913 279 METAPHYSICA
957 231 1267 276 spsscmms.
1303 248 1380 257 —
1408 231 1835 276 PSYCHOLOOEA.
2100 219 2207 278 103

246 347 398 409 159.
443 381 522 392 —
563 350 773 410 Schol.
862 348 934 409 Id
996 345 1392 422 simplicitati
1460 349 1698 407 animae
1770 363 1905 407 non
1978 346 2205 410 officit.

158 427 409 489 Anima
466 432 664 501 enim,
731 428 854 488 etsi
916 427 1218 503 simplex,
1289 442 1425 486 non
1491 432 1591 486 est
1650 427 2203 488 30111111111161160-

162 506 391 581 tualiS‚
460 508 584 568 sed
645 511 844 569 etiam
908 507 995 568 ad
1056 507 1402 567 sensitivas
1467 507 1761 567 actiones
1829 507 2203 569 exerendas

158 591 407 649 natura
437 604 560 648 sua
604 587 972 648 destinatur
1018 605 1030 644 :
1079 586 1236 649 inde
1282 587 1593 662 potentiis
1651 587 1877 661 specie
1924 587 2203 648 diversis
2284 624 2302 636 .

160 670 405 726 natura
452 684 572 728 sua
613 666 864 743 pollere
911 667 1132 728 debet.
1183 666 1585 742 Simplicitati
1637 668 1864 727 animae
1910 667 2205 729 officeret

163 748 505 808 sententia
561 747 1133 825 quae·affirmaret
1203 748 1262 806 1ο
1330 748 1659 822 potentias
1707 763 1855 821 esse
1907 770 1932 798 ι
1982 752 2205 824 partes
2246 801 2249 808 ,

166 827 567 888 essentiales
611 828 837 888 animae
884 829 1358 888 constituentes
1405 827 1758 886 essentiam
1803 826 1945 904 ejus
1999 852 2022 880 »
2092 825 2203 904 (1),
2265 840 2270 844 ’

163 921 440 967 necnon
480 909 546 968 20
587 908 703 967 has
748 913 969 984 partes
1000 906 1363 967 essentiales
1391 907 1655 966 realiter
1690 906 2026 983 distingui.
2058 909 2203 968 Jam

163 1001 325 1048 vero
372 987 590 1046 anima
633 1003 768 1048 non
810 987 1253 1057 essentialiter,
1299 984 1423 1044 sed
1463 987 1837 1047 virtualiter
1868 988 2199 1063 complec-

167 1065 330 1126 titur
367 1067 728 1144 potentias

909 1197 1344 1259 ARTICULUS
1387 1199 1459 1258 ll.

442 1335 536 1392 De
587 1334 821 1393 animae²
866 1333 1172 1406 potentiis
1227 1333 1296 1391 in
1338 1333 1547 1407 speeie
1603 1335 1915 1406 spectatis,

244 1461 387 1524 160.
433 1440 533 1506 —x
555 1463 875 1540 Spectatis
936 1462 1309 1542 generatim
1358 1467 1424 1522 et
1481 1465 1854 1541 synthetice
1920 1461 2193 1524 faculta-

166 1542 338 1602 tibus
387 1544 649 1613 animae,
695 1559 871 1603 1111110
927 1544 1013 1604 6(1
1059 1545 1352 1622 singulas
1397 1544 1779 1621 singillatim
1856 1543 2196 1603 rimandas

164 1622 549 1701 mig1amus‚
595 1630 666 1683 ut
707 1624 1065 1700 specialem
1105 1623 1635 1701 uniuscujusque
1678 1623 1971 1684 indolem
2045 1623 2197 1683 inti-

164 1703 334 1762 mius
367 1705 920 1780 introspiciamus,
969 1705 1121 1763 Haec
1167 1705 1344 1763 enim
1386 1705 1675 1781 analysis
1718 1703 2073 1780 requiritur
2114 1707 2191 1764 ut

167 1782 232 1841 in
308 1783 538 1843 ultimo
603 1786 815 1858 capite
873 1789 1179 1845 naturam
1243 1788 1309 1843 et
1370 1787 1674 1860 genesim
1732 1784 2196 1859 operationum

169 1863 523 1923 enucleare
566 1865 924 1923 valeamus
971 1865 1066 1924 Ab
1111 1860 1348 1922 intimis
1394 1867 1461 1922 et
1502 1867 1713 1939 magis
1756 1863 1962 1924 obviis
2010 1879 2197 1922 exor-

170 1942 412 2004 diendo
459 1942 545 2003 ad
589 1946 930 2020 superiora
994 1943 1452 2020 abditioraque
1497 1943 1827 2020 gradatim
1884 1958 2193 2023 assurge-

168 2037 314 2082 mus
364 2025 651 2100 :itaque
717 2039 992 2097 agemus
1063 2024 1120 2082 1⁰
1183 2022 1275 2086 de
1330 2024 1644 2098 potentiis
1710 2038 1991 2099 quarum
2036 2038 2195 2083 0011-

162 2101 470 2180 junctum
561 2107 663 2162 est
731 2101 1131 2180 subjectum,
1199 2119 1444 2179 nempe
1524 2103 1605 2163 de
1682 2103 1985 2162 sensibus
2052 2102 2193 2162 sive

171 2182 458 2242 externis
501 2181 637 2242 sive
706 2182 1004 2253 1111611115,
1053 2185 1120 2242 20
1167 2183 1248 2243 de
1313 2183 1630 2259 potentiis
1705 2198 1988 2259 quarum
2054 2182 2198 2241 sola

171 2262 388 2323 anima
418 2267 520 2323 est
548 2261 948 2340 subjectum,
977 2279 1220 2338 nempe
1252 2262 1330 2323 de
1363 2263 1705 2323 intellectu
1737 2267 1803 2322 et
1833 2262 2194 2322 voluntate.

170 2395 250 2462 §L
282 2396 363 2448 De
389 2395 674 2464 potentiis
696 2393 833 2466 *quze
865 2398 1004 2450 sunt
1033 2395 1094 2449 in
1123 2396 1452 2465 composito
1482 2398 1769 2464 tanquam
1808 2395 1869 2449 in
1905 2395 2194 2463 subjecto,

252 2519 386 2581 161.
434 2553 512 2562 --
557 2520 920 2581 Facultates
984 2521 1337 2590 sentiendi,
1416 2535 1565 2598 quae
1635 2524 1789 2580 sunt
1844 2519 2194 2594 compositi

171 2600 475 2675 propriae,
527 2601 816 2677 corporis
863 2605 930 2660 et
991 2602 1227 2661 animae
1291 2605 1732 2677 proprietates
1798 2599 2197 2676 participan-

176 2683 295 2739 tur.
341 2681 572 2741 Anima
604 2679 687 2740 ad
728 2681 846 2740 has
887 2679 1234 2741 facultates
1310 2682 1637 2742 concurrit
1678 2685 1752 2740 ut
1796 2678 2197 2756 principium

170 2759 316 2818 vitae
398 2764 464 2819 et
536 2776 732 2820 causa
795 2760 1196 2838 principalis,
1306 2777 1545 2836 corpus
1607 2765 1682 2821 ut
1763 2759 2038 2821 materia
2129 2763 2195 2819 et

171 2839 696 2900 instrumentum.
731 2841 872 2900 Jam
914 2857 1070 2901 vero
1114 2838 1393 2900 facultas
1439 2839 1775 2900 sentiendi
1820 2856 1943 2900 seu
1988 2839 2197 2899 sensi-

170 2918 376 2979 bilitas
445 2922 712 2996 organis
782 2920 999 2981 utitur'
1055 2919 1190 2981 sive
1237 2923 1418 2980 extra
1463 2921 1873 2994 patentibus,
1925 2924 1993 2980 et
2036 2924 2195 2978 tunc

173 2998 399 3058 dicitur
442 3005 736 3070 externa,
784 2999 919 3060 sive
964 3002 1142 3061 intus
1182 3001 1567 3067 latentibus,
1618 3007 1681 3059 et
1725 2998 1974 3061 idcirco
2025 2998 2189 3060 dici-

176 3084 271 3138 tur
311 3079 629 3139 interna.-
673 3084 740 3139 et
782 3081 992 3150 prima
1061 3084 1365 3140 versatur
1435 3081 1602 3139 circa
1677 3095 1783 3140 res
1857 3084 2187 3151 externas,

174 3157 481 3230 secunda,
520 3161 688 3221 circa
717 3158 1104 3222 affectiones
1131 3161 1450 3235 1111611163.
1486 3159 1889 3219 sensibilitas
1920 3162 2195 3219 externa

173 3237 445 3299 habetur
486 3242 560 3298 ut
590 3238 898 3314 quaedam
965 3239 1171 3300 virtus
1243 3239 1485 3309 totalis‚·
1546 3253 1697 3316 quae
1770 3238 1836 3298 in
1904 3239 2196 3316 quinque

176 3318 530 3394 peculiares
574 3333 811 3379 36115115
866 3317 1197 3391 dividitur,
1245 3325 1316 3379 ut
1354 3319 1496 3397 jam
1528 3319 1831 3380 diximus

247 3396 373 3458 Sed
415 3403 661 3474 praeter
700 3397 1047 3460 facultates
1093 3399 1455 3478 cognitivas
1498 3399 1828 3474 reperitur
1874 3397 2075 3459 etiam
2120 3395 2191 3455 in

181 3477 594 3540 sensibilitate
637 3478 944 3556 quaedam
985 3479 1070 3540 ad
1131 3479 1383 3540 bonum
1440 3479 1778 3557 proprium
1838 3475 2200 3546 inclinatio,

241 3624 301 3692 (1)
327 3627 381 3677 S.
411 3625 544 3687 Th„
573 3641 624 3690 q.
647 3628 736 3675 De
757 3628 967 3678 anima.
999 3643 1048 3676 a.
1079 3626 1140 3677 12
1169 3627 1234 3676 ad
1263 3626 1342 3676 15.
