2642 4209
25 143 51 324 1

248 257 450 304 urrarttrsrca
471 256 626 304 sciremus.
642 274 683 284 ···
697 257 912 305 Psrcaotoom.
1036 244 1090 307 161

71 371 169 433 fieret
181 372 408 450 impossibilis3
426 377 537 435 essent
557 375 645 435 enim
670 373 742 434 haec
764 373 829 436 duo
844 390 948 436 unum
964 375 1044 452 quid
1059 384 1093 439 et

71 452 163 513 idem
181 471 188 512 :
205 452 284 513 inde
300 453 366 516 duo
382 454 635 516 contradictoria
650 469 725 516 esse
741 460 878 531 possent
892 455 989 517 simul
998 473 1089 519 vera.

71 533 158 611 Ergo
174 533 208 595 id
224 533 315 612 quod
328 551 390 610 per
405 534 629 613 cognitionem
645 533 804 595 directam
818 535 1023 613 intelligitur,
1041 542 1092 599 est

72 613 146 688 ipsa
168 629 234 687 reS,
258 620 354 692 cujus
376 616 505 691 species
524 613 739 692 intelligibilis
752 619 800 675 est
820 614 1010 678 similitudo.

104 717 161 766 265.
183 743 214 755 -
234 717 322 767 sotor.
337 716 438 781 Species
451 719 583 780 impressa
596 716 685 767 haberi
699 718 773 767 debet
786 722 815 766 ut
832 715 860 765 id
879 733 930 780 que
948 718 1092 770 intellectus

72 779 199 846 possibilis
212 779 245 828 ad
259 781 463 843 cognoscendum
478 785 607 840 movetur;
621 781 678 829 haec
694 779 880 849 enimlspecies,
896 795 947 828 non
960 782 1091 840 formuli-

74 851 125 902 ter,
137 841 181 890 sed
189 843 313 916 Ι,11]*111111
330 842 425 906 objecta
438 846 613 912 repraesentat,
628 846 704 904 atque
714 847 802 950 potrus
813 856 839 891 se
854 841 929 891 habet
943 843 1090 893 admodum

70 906 213 966 principat,
228 919 273 952 seu
288 903 452 952 instrumenti
465 902 590 968 primarii,
605 918 681 966 quam
697 919 711 951 a
743 903 848 952 modum
862 906 973 954 termini
986 920 1030 953 seu
1047 905 1090 954 ob·

69 964 132 1030 jecti
153 964 317 1029 cognitionis.
336 966 437 1030 Species
459 981 587 1028 expresse
606 980 651 1015 seu
669 967 775 1014 verbum
788 963 881 1014 mentis
894 980 946 1014 non
960 972 999 1015 est
1011 966 1089 1016 etiam

72 1027 99 1074 id
115 1028 183 1091 quod
197 1027 367 1091 cognoscitur,
382 1025 466 1076 sedid
485 1042 535 1090 quo
548 1027 631 1090 reipsa
650 1027 828 1090 cognoscitur3
846 1033 932 1076 tamen
950 1029 977 1076 in
998 1044 1028 1078 co
1047 1028 1090 1078 ni·
1159 1034 1162 1041 “

73 1089 142 1138 tione
155 1089 248 1138 reflexa
262 1095 301 1138 est
314 1089 341 1137 id
357 1092 387 1139 irc
402 1104 452 1152 quo
471 1091 582 1152 cognito,
598 1104 639 1138 res
653 1087 837 1152 cognoscimus,
858 1104 912 1149 seu,
924 1089 982 1139 aliis
996 1105 1038 1140 ver
1057 1090 1088 1151 is,

71 1157 111 1260 pst
123 1153 250 1262 termitnns
263 1151 408 1217 objectivuS,
423 1149 467 1215 qui
480 1157 572 1200 natura
586 1165 630 1199 sua
644 1157 684 1200 est
696 1150 835 1201 similitudo
849 1151 941 1215 objecti
954 1167 1000 1216 per
1013 1167 1088 1203 men-

83 1229 123 1262 em
135 1228 193 1278 geni
207 1229 231 1262 a.

71 1313 115 1360 111.
130 1312 168 1361 De
182 1325 302 1375 processu
315 1309 464 1376 explicativo
482 1308 637 1419 cognitionpis
649 1309 780 1371 humanae,
795 1325 838 1360 seu
853 1310 885 1360 de
898 1311 987 1361 ordine
1001 1311 1029 1360 in
1042 1326 1088 1360 co-

501 1387 613 1436 gnoscem
632 1388 656 1420 o.

110 1463 182 1526 266.
201 1499 240 1508 -
261 1464 438 1540 Perspecto
452 1464 613 1526 hactenus
627 1464 745 1541 genesi
764 1464 925 1534 idearum,
951 1481 1012 1526 scu
1033 1482 1086 1526 ra·

76 1543 165 1605 tione
181 1561 247 1626 qua
262 1544 449 1606 intellectus
464 1544 507 1605 ad
528 1545 756 1621 primordiales
782 1551 963 1621 conceptus
985 1546 1086 1607 deve·

71 1625 125 1690 nit,
154 1640 245 1684 nunc
274 1625 443 1700 agendum
469 1629 520 1685 est
548 1631 616 1685 tum
641 1624 684 1684 de
709 1624 824 1685 ordine
847 1640 912 1702 quo
934 1640 1030 1688 mens
1047 1628 1084 1697 ¹in

70 1703 131 1763 hac
148 1703 325 1781 adeptione
340 1703 561 1783 progreditur,
583 1709 650 1764 tum
667 1704 710 1764 de
724 1705 824 1766 modo
849 1721 914 1782 quo
942 1721 1082 1784 cognos-

72 1784 113 1844 cit
133 1785 360 1846 immaterialia
375 1787 545 1846 secuudcm
559 1800 639 1866 rem.

108 1864 155 1924 Ex
176 1868 274 1925 antea
295 1864 389 1926 dictis
414 1865 463 1942 (ll,
487 1865 557 1934 253,
582 1865 653 1941 256)
673 1863 746 1941 jam
767 1863 871 1941 liquet
892 1879 1085 1941 processum

71 1943 268 2021 cognitionis
283 1944 469 2023 generatim
483 1944 642 2021 inspectae
659 1943 821 2019 auspicari
835 1963 854 2004 a
870 1949 1083 2020 perceptione

69 2025 193 2086 sensili.
210 2025 289 2084 Hinc
306 2025 346 2086 de
367 2039 527 2102 processu
549 2023 742 2102 explicativo
767 2023 963 2103 cognitionis
985 2025 1081 2086 inlel-

68 2103 219 2165 lectualis
242 2104 377 2166 demum
398 2104 557 2165 dicemus.

67 2237 139 2298 267.
163 2271 202 2281 -
216 2238 323 2300 Tussis
338 2238 360 2297 1.
378 2241 414 2298 In
428 2239 541 2300 ordine
555 2239 676 2298 directo
688 2240 716 2296 et
731 2240 905 2310 montaneo
926 2239 1081 2313 coemite·

107 2319 158 2377 uis
172 2316 408 2388 intellectualis,
425 2331 514 2377 meus
528 2318 699 2378 exorditur
711 2332 731 2375 o
744 2317 944 2390 conceptibus
956 2320 1083 2378 cntuer-

107 2396 285 2457 satiortbus
299 2414 355 2458 seu
367 2399 514 2457 wracene
528 2396 793 2457 indetermtrtutts.

107 2523 191 2583 Noto
214 2523 236 2581 l.
253 2522 333 2583 Huic
353 2520 510 2581 doctrinae
532 2519 750 2581 communiori
773 2519 975 2579 reluctantur
994 2534 1080 2580 non·
1155 2566 1158 2573 ,

67 2603 149 2664 nulli
171 2601 328 2674 scotistae,
346 2603 401 2678 qui
418 2600 537 2663 docent
552 2600 774 2677 cognitionem
789 2599 967 2660 humanam
986 2615 1078 2661 exor-

69 2681 160 2744 dium
176 2681 300 2760 ducere
315 2697 334 2743 a
348 2682 460 2757 specie
481 2681 735 2757 specialissima3
752 2694 867 2740 verum
882 2694 956 2739 cum
975 2679 1011 2740 id
1032 2681 1080 2741 in·

68 2763 220 2840 telligant
234 2762 276 2823 de
293 2761 480 2840 cognitione
497 2759 645 2832 confusa,
664 2759 834 2821 diversitas
850 2764 899 2819 est
913 2760 1024 2836 potius
1046 2761 1079 2820 in

67 2843 167 2904 modo
183 2839 343 2919 loquendi
358 2857 457 2918 quam
470 2840 505 2900 in
519 2856 554 2900 re
569 2842 653 2916 ipsa.

106 2926 187 2984 Nota
204 2923 239 2982 ll.
257 2923 328 2982 Non
343 2925 453 3002 agitur
467 2919 508 2980 de
524 2919 639 2981 ordine
654 2919 778 2992 reflexo
794 2918 828 2979 in
845 2918 1079 2985 universalium

67 3002 257 3082 cognitione
288 3020 294 3060 :
325 3003 359 3062 in
385 3001 448 3061 hoc
478 3003 567 3061 enim
594 2999 722 3069 ordine,
753 2999 809 3074 qui
830 3013 892 3073 per
918 3000 1079 3078 analysim

65 3080 279 3144 scientificam
311 3086 344 3140 et
369 3095 430 3157 per
457 3082 714 3142 abstractionem
736 3076 907 3138 formalem
932 3077 981 3158 (ll,
1008 3079 1078 3157 254)

65 3163 227 3239 procedit,
256 3159 387 3222 nonnisi
410 3161 524 3222 ultimo
550 3159 592 3221 ad
615 3158 891 3221 universalissima
915 3159 1079 3220 elementa

66 3241 259 3303 devenimus
274 3240 349 3321 (53).

103 3323 201 3383 Prot.
226 3325 255 3382 1ο
270 3321 482 3396 experientia.
497 3319 707 3397 Experienlia
720 3317 826 3394 liquet
845 3317 968 3393 primos
982 3332 1077 3378 men·

64 3402 102 3464 tis
119 3407 299 3479 conceptus
315 3415 388 3461 esse
405 3405 585 3478 conceptus
599 3398 882 3468 indeterminatos,
900 3397 961 3458 sub
976 3413 1078 3476 gene·

63 3482 223 3544 ralissima
235 3481 362 3542 ratione
377 3480 426 3540 rei
440 3496 501 3541 seu
522 3479 617 3550 entiS,
635 3478 768 3557 objecta
782 3474 980 3548 referentes3
997 3492 1078 3554 pue*

63 3565 89 3624 ri
117 3561 208 3622 enim
231 3578 271 3622 ac
292 3558 395 3622 rudes
419 3561 507 3620 entia
529 3560 657 3621 diversa
673 3557 894 3634 appellatione
915 3558 966 3618 ret
978 3555 1077 3618 indis·

66 3641 261 3706 criminatim
307 3640 493 3718 designant.
535 3639 725 3702 Distinctam
761 3637 931 3700 notionem
964 3652 1076 3698 rerum

394 3735 475 3783 Barv.
490 3735 564 3783 Pmn.
579 3734 609 3782 Τ.
623 3733 655 3782 11.
670 3756 701 3768 -
716 3729 754 3779 11.
