2642 4209
294 281 492 327 usraruvsrcl
514 280 671 331 senarius.
687 298 726 308 -
743 281 940 328 cosuonoon.
1086 270 1127 332 37

101 395 196 457 modi
224 394 310 457 iacta
337 396 416 456 nihil
443 396 534 458 aliud
559 399 636 457 sunt
658 412 758 473 quam
787 398 983 460 eorumdem
1004 403 1123 464 mixto·

101 492 177 537 rum
207 480 361 539 constans
390 491 428 536 aa
451 476 649 539 invariabilis
670 476 827 540 resolutio
852 478 886 539 in
909 480 1028 541 eadem
1050 482 1126 542 sim*

101 556 212 634 plicia.
241 556 339 617 Porro
370 555 412 616 ad
440 556 527 618 hanc
556 559 764 617 constantem
791 559 1030 621 resolutionem
1057 576 1127 622 non

101 636 282 712 requiritur
312 638 350 695 ut
379 632 490 697 formae
525 637 767 697 elementorum
800 642 958 699 maneant
984 645 1061 700 octe
1092 640 1127 702 in

101 718 288 791 composito
316 734 323 775 :
354 714 485 788 sufficit,
519 740 532 769 ι
561 723 597 777 ut
622 718 759 777 virtutes
788 718 984 793 simplicium
1015 735 1127 780 rema-

100 796 260 855 neantin
294 796 394 855 mixto
420 818 447 867 ι,
472 798 509 855 ut
530 797 575 856 ait
606 796 644 855 D.
674 794 815 857 Thomas
838 794 892 876 (1),
928 814 1051 876 nempe
1089 804 1127 860 ut

100 871 214 937 fenne
240 875 479 935 elementorum
504 874 567 935 sint
579 876 766 935 oc'rtuotiter
780 875 812 935 in
842 878 1024 953 composito
1049 880 1126 940 suh.-

100 953 261 1026 stantiali;
292 969 369 1015 nam
410 954 553 1034 analysis
574 954 727 1016 ·chimica
750 970 812 1015 seu
848 958 1004 1019 resolutio
1033 960 1127 1021 mixti

102 1039 155 1095 est
181 1034 279 1095 simul
316 1034 487 1111 generatio
522 1035 690 1111 simplicis,
723 1033 815 1110 quod
843 1036 981 1111 proinde
1010 1038 1127 1112 transit

102 1112 145 1175 de
174 1113 321 1189 potentia
348 1112 392 1173 ad
420 1120 526 1175 actum
558 1133 564 1173 :
596 1130 677 1191 ergo
705 1119 743 1173 ut
767 1114 822 1175 lex
849 1116 1059 1178 resolutionis
1083 1118 1126 1178 sit

103 1195 272 1266 constans,
299 1192 418 1254 suflicit
440 1196 477 1255 ut
501 1194 666 1254 elementa
704 1193 769 1253 sint
803 1195 924 1256 virtute
957 1197 992 1257 in
1036 1213 1125 1258 corn·

126 1273 224 1334 osito.

100 1290 349 1430 pQuapropter
379 1351 564 1430 generatim
603 1350 804 1413 concludere
840 1367 1018 1429 possumus
1050 1370 1126 1415 cum

98 1432 272 1510 precipuis
295 1430 484 1493 doctoribus
506 1430 640 1501 Schola,
666 1432 756 1508 quod
781 1456 795 1485 ι
816 1430 927 1493 forma
944 1434 1126 1493 elemento-

96 1528 173 1573 rum
188 1516 323 1573 manent
336 1512 369 1571 in
391 1510 504 1584 mixte,
526 1527 588 1571 nort
611 1512 645 1570 iu
669 1512 873 1586 accusetur
897 1515 1044 1573 virtute»
1066 1512 1122 1593 (2).

97 1653 151 1715 62.
165 1685 205 1696 -
222 1653 330 1713 Tussis
351 1652 386 1713 ll.
414 1655 564 1727 Sustehtu
586 1650 817 1712 scholasticum
836 1656 891 1719 est,
909 1655 1125 1729 praecaeteris

140 1732 301 1802 amitibus,
319 1734 502 1793 tenendum.

141 1871 306 1931 Probatur
321 1872 345 1932 la
359 1886 451 1945 pars.
465 1872 487 1931 l.
510 1870 624 1931 Thesis
633 1869 705 1948 jam
726 1868 927 1932 sufficienter
946 1872 1125 1934 adstruitur

102 1966 146 2011 ex
161 1955 261 2011 antea
274 1950 367 2011 dictis
383 1950 425 2010 de
436 1948 796 2011 variisdiificultatihus
808 1967 890 2028 quas
900 1953 1047 2027 praehent
1062 1954 1124 2026 alia

102 2034 286 2109 systemata
304 2049 311 2092 ε
329 2030 451 2091 eversis
469 2030 556 2091 enim
572 2030 734 2106 prioribus
750 2032 994 2110 systematihus,
1008 2047 1124 2093 neces·

98 2110 188 2171 sario
219 2114 285 2170 stat
307 2110 468 2181 ultimum,
494 2109 545 2170 cui
582 2115 697 2171 caetera
736 2116 949 2187 opponuntur
978 2112 1028 2191 (ll,
1059 2109 1121 2189 45),

100 2206 174 2251 cum
204 2188 284 2269 fingi
312 2194 458 2266 nequeat
482 2205 568 2250 nova
589 2189 783 2267 hypothesis
809 2207 880 2267 que
908 2192 1040 2251 nonsit
1066 2207 1124 2252 re-

97 2268 258 2330 vocabilis
284 2268 326 2329 ad
350 2285 450 2329 unum
490 2273 548 2330 aut
585 2269 674 2331 aliud
703 2284 744 2330 ex
775 2270 974 2331 enumeratis
1015 2274 1125 2350 syste-

98 2350 255 2411 matihus.

139 2430 178 2489 ll.
213 2428 370 2489 Omnibus
398 2425 504 2499 factis,
539 2444 610 2504 qua
648 2428 681 2487 in
720 2428 866 2489 scientiis
906 2427 1051 2507 physicis
1090 2433 1124 2489 et

100 2508 247 2571 chimlcis
276 2510 443 2583 comperta
470 2508 645 2577 habentur,
683 2507 771 2567 nullo
807 2512 904 2585 pacto
939 2508 1124 2583 reluctatur

99 2588 229 2649 theoria
257 2586 462 2658 scholastica,
498 2590 563 2650 imo
593 2602 653 2663 per
680 2586 766 2648 illam
808 2588 911 2649 solam
939 2589 1039 2665 plene
1069 2604 1124 2650 ex·

104 2668 215 2745 plican
231 2683 283 2727 ur.
306 2668 402 2745 Ergo.
887 2711 890 2715 .

142 2746 241 2807 Proh.
258 2748 466 2807 antecedens:
483 2746 511 2806 l⁰
526 2746 678 2806 Scicnttis
708 2746 915 2805 naturalibos
938 2763 1002 2807 uon
1023 2763 1124 2822 eppo*

101 2828 203 2887 nitur.
224 2826 252 2885 1ο
266 2826 338 2886 Non
353 2827 470 2887 evertit
484 2822 648 2886 affinitatis
675 2828 708 2883 et
724 2824 915 2885 cohaesionis
928 2825 1034 2905 leges,
1052 2842 1123 2903 quat

102 2904 234 2967 diverse
281 2909 480 2967 concurrunt
526 2904 569 2965 ad
614 2903 848 2965 efformandam
895 2906 1122 2980 quantitatem,

102 2986 191 3047 mole
230 3032 237 3057 ,
263 2984 522 3060 dispositionem,
539 2988 618 3055 etc„
644 2983 715 3043 talis
732 2984 901 3059 compositi
925 2986 1124 3047 substantia·

100 3064 153 3138 lis,
167 3065 308 3127 sednon
322 3062 487 3125 sufficiunt
501 3062 545 3123 ad
566 3062 791 3139 explicandam
813 3062 1032 3125 diversitatem
1048 3065 1124 3126 sub·

100 3146 292 3205 stantiarum
313 3160 555 3221 corporearum.
573 3145 605 3203 2⁰
624 3143 696 3204 Non
715 3143 893 3218 opponitur
913 3146 1122 3223 experimen·

103 3225 143 3285 tis
175 3225 397 3296 mimicorum,
426 3224 482 3301 qui
523 3223 630 3284 omnia
659 3222 839 3298 composita
869 3240 1027 3300 corporea
1064 3239 1126 3285 seu

102 3304 202 3365 mixta
224 3302 394 3365 resolvunt
414 3301 620 3365 uniformiter
642 3300 676 3363 in
710 3302 777 3362 haec
798 3302 956 3379 simplicia
979 3304 1067 3364 inter
1087 3318 1125 3363 se

135 3456 170 3521 (l)
183 3458 222 3507 De
236 3460 290 3507 nat.
300 3471 363 3517 rer„
377 3471 400 3506 c.
416 3473 470 3507 vm.

131 3544 170 3610 (2)
181 3544 269 3605 Quoad
317 3543 448 3593 aestionem
461 3544 493 3594 de
515 3542 646 3594 elementis
661 3543 688 3592 in
709 3544 861 3614 composito·
871 3543 1048 3606 manentibus,⁴
1065 3544 1124 3595 vide

105 3606 207 3721 {pegam
217 3606 380 3735 gessffilcm
392 3605 596 3657 dissertationem
624 3607 653 3655 P.
669 3606 761 3655 Pesch.
789 3607 882 3673 (Instrt.
897 3607 959 3671 phil.
975 3611 1029 3657 not.
1043 3604 1089 3657 lib.
1111 3608 1123 3689 l
