<?xml version="1.0" encoding="UTF-8"?>
<!DOCTYPE html PUBLIC "-//W3C//DTD XHTML 1.0 Transitional//EN"
    "http://www.w3.org/TR/xhtml1/DTD/xhtml1-transitional.dtd">
<html xmlns="http://www.w3.org/1999/xhtml" xml:lang="en" lang="en">
 <head>
  <title>
</title>
<meta http-equiv="Content-Type" content="text/html;charset=utf-8" />
  <meta name='ocr-system' content='tesseract 3.04.00' />
  <meta name='ocr-capabilities' content='ocr_page ocr_carea ocr_par ocr_line ocrx_word'/>
</head>
<body>
  <div class='ocr_page' id='page_1' title='image "./brevariumphilos02grangoog_0132.png"; bbox 0 0 2642 4209; ppageno 0'>
   <div class='ocr_carea' id='block_1_1' title="bbox 242 231 949 296">
    <p class='ocr_par' dir='ltr' id='par_1_1' title="bbox 242 231 949 296">
     <span class='ocr_line' id='line_1_1' title="bbox 242 231 949 296; baseline -0.001 0"><span class='ocrx_word' id='word_1_1' title='bbox 242 231 298 296; x_wconf 83' lang='lat'>118</span> <span class='ocrx_word' id='word_1_2' title='bbox 550 251 728 295; x_wconf 81' lang='lat' dir='ltr'>ensvnnruu</span> <span class='ocrx_word' id='word_1_3' title='bbox 749 251 949 295; x_wconf 77' lang='lat' dir='ltr'>mnmsomue</span> 
     </span>
    </p>
   </div>
   <div class='ocr_carea' id='block_1_2' title="bbox 231 362 1283 2120">
    <p class='ocr_par' dir='ltr' id='par_1_2' title="bbox 231 362 1242 1081">
     <span class='ocr_line' id='line_1_2' title="bbox 242 362 1240 444; baseline 0.002 -20"><span class='ocrx_word' id='word_1_4' title='bbox 242 365 317 425; x_wconf 80' lang='lat' dir='ltr'>dem</span> <span class='ocrx_word' id='word_1_5' title='bbox 348 362 521 426; x_wconf 74' lang='lat' dir='ltr'><strong>facultatis,</strong></span> <span class='ocrx_word' id='word_1_6' title='bbox 548 367 584 426; x_wconf 91' lang='lat' dir='ltr'>lu</span> <span class='ocrx_word' id='word_1_7' title='bbox 604 381 669 428; x_wconf 92' lang='lat' dir='ltr'>una</span> <span class='ocrx_word' id='word_1_8' title='bbox 691 365 779 427; x_wconf 85' lang='lat' dir='ltr'>enim</span> <span class='ocrx_word' id='word_1_9' title='bbox 804 365 990 444; x_wconf 87' lang='lat' dir='ltr'>eademque</span> <span class='ocrx_word' id='word_1_10' title='bbox 1012 366 1240 434; x_wconf 74' lang='lat' dir='ltr'>intellectione,</span> 
     </span>
     <span class='ocr_line' id='line_1_3' title="bbox 241 445 1242 521; baseline -0.002 -15"><span class='ocrx_word' id='word_1_11' title='bbox 241 445 407 521; x_wconf 79' lang='lat' dir='ltr'>duplicem</span> <span class='ocrx_word' id='word_1_12' title='bbox 423 445 521 506; x_wconf 79' lang='lat' dir='ltr'>habet</span> <span class='ocrx_word' id='word_1_13' title='bbox 539 446 716 506; x_wconf 86' lang='lat' dir='ltr'>terminum</span> <span class='ocrx_word' id='word_1_14' title='bbox 734 446 931 518; x_wconf 86' lang='lat' dir='ltr'>intellectus,</span> <span class='ocrx_word' id='word_1_15' title='bbox 956 446 1081 507; x_wconf 89' lang='lat' dir='ltr'>scilicet</span> <span class='ocrx_word' id='word_1_16' title='bbox 1103 445 1242 520; x_wconf 79' lang='lat' dir='ltr'>subjecti-</span> 
     </span>
     <span class='ocr_line' id='line_1_4' title="bbox 239 525 1240 602; baseline 0.001 -17"><span class='ocrx_word' id='word_1_17' title='bbox 239 541 315 585; x_wconf 82' lang='lat' dir='ltr'>vum</span> <span class='ocrx_word' id='word_1_18' title='bbox 330 529 364 585; x_wconf 89' lang='lat' dir='ltr'>et</span> <span class='ocrx_word' id='word_1_19' title='bbox 378 525 578 600; x_wconf 82' lang='lat' dir='ltr'>objectioum.</span> <span class='ocrx_word' id='word_1_20' title='bbox 601 525 773 586; x_wconf 80' lang='lat' dir='ltr'>Terminus</span> <span class='ocrx_word' id='word_1_21' title='bbox 788 525 970 602; x_wconf 77' lang='lat' dir='ltr'>obJectivus</span> <span class='ocrx_word' id='word_1_22' title='bbox 986 529 1036 586; x_wconf 97' lang='grc' dir='ltr'>εει</span> <span class='ocrx_word' id='word_1_23' title='bbox 1049 541 1103 585; x_wconf 90' lang='lat' dir='ltr'>res</span> <span class='ocrx_word' id='word_1_24' title='bbox 1119 527 1240 602; x_wconf 88' lang='lat' dir='ltr'>cognita</span> 
     </span>
     <span class='ocr_line' id='line_1_5' title="bbox 231 604 1239 682; baseline 0.001 -17"><span class='ocrx_word' id='word_1_25' title='bbox 231 619 301 665; x_wconf 73' lang='lat' dir='ltr'>,seu</span> <span class='ocrx_word' id='word_1_26' title='bbox 327 606 436 680; x_wconf 86' lang='lat' dir='ltr'>ipsum</span> <span class='ocrx_word' id='word_1_27' title='bbox 451 604 608 680; x_wconf 81' lang='lat' dir='ltr'>objectum</span> <span class='ocrx_word' id='word_1_28' title='bbox 635 607 731 682; x_wconf 82' lang='lat' dir='ltr'>quod,</span> <span class='ocrx_word' id='word_1_29' title='bbox 748 606 978 667; x_wconf 87' lang='lat' dir='ltr'>intellectionis</span> <span class='ocrx_word' id='word_1_30' title='bbox 993 605 1239 666; x_wconf 88' lang='lat' dir='ltr'>terminativum.</span> 
     </span>
     <span class='ocr_line' id='line_1_6' title="bbox 238 683 1241 762; baseline 0 -17"><span class='ocrx_word' id='word_1_31' title='bbox 238 683 409 745; x_wconf 79' lang='lat' dir='ltr'>Terminus</span> <span class='ocrx_word' id='word_1_32' title='bbox 424 685 627 761; x_wconf 85' lang='lat' dir='ltr'>subjectivus</span> <span class='ocrx_word' id='word_1_33' title='bbox 649 690 700 745; x_wconf 92' lang='lat' dir='ltr'>est</span> <span class='ocrx_word' id='word_1_34' title='bbox 721 685 790 762; x_wconf 88' lang='lat' dir='ltr'>ipsa</span> <span class='ocrx_word' id='word_1_35' title='bbox 814 686 897 746; x_wconf 87' lang='lat' dir='ltr'>actio</span> <span class='ocrx_word' id='word_1_36' title='bbox 922 686 962 746; x_wconf 90' lang='lat' dir='ltr'>ab</span> <span class='ocrx_word' id='word_1_37' title='bbox 984 686 1154 746; x_wconf 88' lang='lat' dir='ltr'>intellectu</span> <span class='ocrx_word' id='word_1_38' title='bbox 1175 703 1241 762; x_wconf 89' lang='lat' dir='ltr'>pro·</span> 
     </span>
     <span class='ocr_line' id='line_1_7' title="bbox 240 763 1240 840; baseline 0.002 -16"><span class='ocrx_word' id='word_1_39' title='bbox 240 763 350 829; x_wconf 91' lang='lat' dir='ltr'>ducta,</span> <span class='ocrx_word' id='word_1_40' title='bbox 381 777 441 824; x_wconf 90' lang='lat' dir='ltr'>seu</span> <span class='ocrx_word' id='word_1_41' title='bbox 464 764 601 825; x_wconf 90' lang='lat' dir='ltr'>verbum</span> <span class='ocrx_word' id='word_1_42' title='bbox 622 766 753 835; x_wconf 90' lang='lat' dir='ltr'>mentis,</span> <span class='ocrx_word' id='word_1_43' title='bbox 777 780 898 839; x_wconf 83' lang='lat' dir='ltr'>nempe</span> <span class='ocrx_word' id='word_1_44' title='bbox 914 767 1083 840; x_wconf 82' lang='lat' dir='ltr'>expressio</span> <span class='ocrx_word' id='word_1_45' title='bbox 1099 767 1240 827; x_wconf 86' lang='lat' dir='ltr'>mentalis</span> 
     </span>
     <span class='ocr_line' id='line_1_8' title="bbox 238 844 1240 923; baseline 0 -19"><span class='ocrx_word' id='word_1_46' title='bbox 238 845 288 905; x_wconf 89' lang='lat' dir='ltr'>rei</span> <span class='ocrx_word' id='word_1_47' title='bbox 317 846 464 921; x_wconf 89' lang='lat' dir='ltr'>cognite.</span> <span class='ocrx_word' id='word_1_48' title='bbox 492 845 577 904; x_wconf 90' lang='lat' dir='ltr'>Dum</span> <span class='ocrx_word' id='word_1_49' title='bbox 600 845 688 904; x_wconf 91' lang='lat' dir='ltr'>enim</span> <span class='ocrx_word' id='word_1_50' title='bbox 722 851 798 906; x_wconf 90' lang='lat' dir='ltr'>actu</span> <span class='ocrx_word' id='word_1_51' title='bbox 827 845 997 923; x_wconf 75' lang='lat' dir='ltr'>cognoscit</span> <span class='ocrx_word' id='word_1_52' title='bbox 1021 844 1240 923; x_wconf 86' lang='lat' dir='ltr'>intelligentia,</span> 
     </span>
     <span class='ocr_line' id='line_1_9' title="bbox 240 924 1241 1003; baseline 0 -17"><span class='ocrx_word' id='word_1_53' title='bbox 240 927 405 1000; x_wconf 86' lang='lat' dir='ltr'>operatur,</span> <span class='ocrx_word' id='word_1_54' title='bbox 423 939 484 984; x_wconf 88' lang='lat' dir='ltr'>seu</span> <span class='ocrx_word' id='word_1_55' title='bbox 497 925 661 985; x_wconf 84' lang='lat' dir='ltr'>actionem</span> <span class='ocrx_word' id='word_1_56' title='bbox 678 925 765 985; x_wconf 89' lang='lat' dir='ltr'>elicit</span> <span class='ocrx_word' id='word_1_57' title='bbox 789 924 832 986; x_wconf 92' lang='lat' dir='ltr'>ad</span> <span class='ocrx_word' id='word_1_58' title='bbox 851 925 945 1003; x_wconf 78' lang='lat' dir='ltr'>quus</span> <span class='ocrx_word' id='word_1_59' title='bbox 968 926 1151 986; x_wconf 87' lang='lat' dir='ltr'>realitatem</span> <span class='ocrx_word' id='word_1_60' title='bbox 1170 942 1241 1000; x_wconf 91' lang='lat' dir='ltr'>pro-</span> 
     </span>
     <span class='ocr_line' id='line_1_10' title="bbox 241 1001 1186 1081; baseline 0.001 -18"><span class='ocrx_word' id='word_1_61' title='bbox 241 1001 427 1063; x_wconf 91' lang='lat' dir='ltr'>ducendam</span> <span class='ocrx_word' id='word_1_62' title='bbox 443 1005 635 1065; x_wconf 86' lang='lat' dir='ltr'>terminatur</span> <span class='ocrx_word' id='word_1_63' title='bbox 648 1004 834 1081; x_wconf 84' lang='lat' dir='ltr'>hujusmodi</span> <span class='ocrx_word' id='word_1_64' title='bbox 846 1005 1003 1080; x_wconf 89' lang='lat' dir='ltr'>expansio</span> <span class='ocrx_word' id='word_1_65' title='bbox 1014 1006 1061 1064; x_wconf 90' lang='lat' dir='ltr'>vis</span> <span class='ocrx_word' id='word_1_66' title='bbox 1072 1005 1186 1066; x_wconf 87' lang='lat' dir='ltr'>vitalis.</span> 
     </span>
    </p>

    <p class='ocr_par' dir='ltr' id='par_1_3' title="bbox 239 1082 1240 1474">
     <span class='ocr_line' id='line_1_11' title="bbox 280 1082 1240 1161; baseline 0.003 -19"><span class='ocrx_word' id='word_1_67' title='bbox 280 1082 459 1144; x_wconf 84' lang='lat' dir='ltr'>Prescindo</span> <span class='ocrx_word' id='word_1_68' title='bbox 481 1098 569 1144; x_wconf 89' lang='lat' dir='ltr'>nunc</span> <span class='ocrx_word' id='word_1_69' title='bbox 593 1084 634 1145; x_wconf 89' lang='lat' dir='ltr'>ab</span> <span class='ocrx_word' id='word_1_70' title='bbox 655 1084 718 1144; x_wconf 91' lang='lat' dir='ltr'>hac</span> <span class='ocrx_word' id='word_1_71' title='bbox 738 1084 847 1146; x_wconf 88' lang='lat' dir='ltr'>subtili</span> <span class='ocrx_word' id='word_1_72' title='bbox 868 1085 1047 1161; x_wconf 88' lang='lat' dir='ltr'>questione</span> <span class='ocrx_word' id='word_1_73' title='bbox 1070 1084 1206 1145; x_wconf 92' lang='lat' dir='ltr'>multum</span> <span class='ocrx_word' id='word_1_74' title='bbox 1225 1100 1240 1145; x_wconf 92' lang='lat' dir='ltr'>a</span> 
     </span>
     <span class='ocr_line' id='line_1_12' title="bbox 240 1161 1240 1240; baseline 0.002 -18"><span class='ocrx_word' id='word_1_75' title='bbox 240 1161 387 1223; x_wconf 83' lang='lat' dir='ltr'>Scotistis</span> <span class='ocrx_word' id='word_1_76' title='bbox 421 1162 553 1240; x_wconf 88' lang='lat' dir='ltr'>agitata,</span> <span class='ocrx_word' id='word_1_77' title='bbox 583 1169 694 1224; x_wconf 89' lang='lat' dir='ltr'>utrum</span> <span class='ocrx_word' id='word_1_78' title='bbox 724 1165 902 1226; x_wconf 89' lang='lat' dir='ltr'>intellectio</span> <span class='ocrx_word' id='word_1_79' title='bbox 926 1165 967 1224; x_wconf 90' lang='lat' dir='ltr'>sil</span> <span class='ocrx_word' id='word_1_80' title='bbox 991 1180 1068 1227; x_wconf 88' lang='lat' dir='ltr'>vera</span> <span class='ocrx_word' id='word_1_81' title='bbox 1095 1165 1177 1225; x_wconf 91' lang='lat' dir='ltr'>actio</span> <span class='ocrx_word' id='word_1_82' title='bbox 1204 1163 1240 1224; x_wconf 89' lang='lat' dir='ltr'>de</span> 
     </span>
     <span class='ocr_line' id='line_1_13' title="bbox 239 1241 1239 1321; baseline 0.003 -21"><span class='ocrx_word' id='word_1_83' title='bbox 239 1241 490 1318; x_wconf 85' lang='lat' dir='ltr'>predicamento</span> <span class='ocrx_word' id='word_1_84' title='bbox 519 1244 668 1314; x_wconf 87' lang='lat' dir='ltr'>actionis,</span> <span class='ocrx_word' id='word_1_85' title='bbox 698 1258 740 1303; x_wconf 91' lang='lat' dir='ltr'>an</span> <span class='ocrx_word' id='word_1_86' title='bbox 768 1244 906 1321; x_wconf 80' lang='lat' dir='ltr'>qualitas</span> <span class='ocrx_word' id='word_1_87' title='bbox 931 1244 972 1304; x_wconf 92' lang='lat' dir='ltr'>de</span> <span class='ocrx_word' id='word_1_88' title='bbox 997 1243 1239 1321; x_wconf 84' lang='lat' dir='ltr'>predicamento</span> 
     </span>
     <span class='ocr_line' id='line_1_14' title="bbox 240 1321 1239 1402; baseline 0.004 -21"><span class='ocrx_word' id='word_1_89' title='bbox 240 1321 429 1398; x_wconf 82' lang='lat' dir='ltr'>qualitatis?</span> <span class='ocrx_word' id='word_1_90' title='bbox 453 1324 542 1384; x_wconf 88' lang='lat' dir='ltr'>Sitne</span> <span class='ocrx_word' id='word_1_91' title='bbox 567 1324 633 1385; x_wconf 89' lang='lat' dir='ltr'>hec</span> <span class='ocrx_word' id='word_1_92' title='bbox 652 1324 736 1384; x_wconf 86' lang='lat' dir='ltr'>actio</span> <span class='ocrx_word' id='word_1_93' title='bbox 756 1322 879 1402; x_wconf 91' lang='lat' dir='ltr'>aliquid</span> <span class='ocrx_word' id='word_1_94' title='bbox 899 1323 1088 1385; x_wconf 84' lang='lat' dir='ltr'>distinctum</span> <span class='ocrx_word' id='word_1_95' title='bbox 1110 1341 1128 1385; x_wconf 91' lang='lat' dir='ltr'>a</span> <span class='ocrx_word' id='word_1_96' title='bbox 1149 1325 1239 1385; x_wconf 90' lang='lat' dir='ltr'>verbo</span> 
     </span>
     <span class='ocr_line' id='line_1_15' title="bbox 240 1402 513 1474; baseline 0.007 -14"><span class='ocrx_word' id='word_1_97' title='bbox 240 1402 372 1474; x_wconf 71' lang='lat' dir='ltr'>mentis</span> <span class='ocrx_word' id='word_1_98' title='bbox 387 1405 513 1463; x_wconf 81' lang='lat' dir='ltr'>necne?</span> 
     </span>
    </p>

    <p class='ocr_par' dir='ltr' id='par_1_4' title="bbox 236 1480 1283 2120">
     <span class='ocr_line' id='line_1_16' title="bbox 279 1480 1239 1559; baseline 0.001 -17"><span class='ocrx_word' id='word_1_99' title='bbox 279 1483 375 1542; x_wconf 83' lang='lat' dir='ltr'>Extra</span> <span class='ocrx_word' id='word_1_100' title='bbox 406 1484 661 1547; x_wconf 87' lang='lat' dir='ltr'>controversiam</span> <span class='ocrx_word' id='word_1_101' title='bbox 691 1487 741 1543; x_wconf 92' lang='lat' dir='ltr'>est</span> <span class='ocrx_word' id='word_1_102' title='bbox 773 1486 882 1543; x_wconf 86' lang='lat' dir='ltr'>actum</span> <span class='ocrx_word' id='word_1_103' title='bbox 915 1480 1137 1559; x_wconf 89' lang='lat' dir='ltr'>cognoscendi</span> <span class='ocrx_word' id='word_1_104' title='bbox 1176 1499 1239 1543; x_wconf 90' lang='lat' dir='ltr'>esse</span> 
     </span>
     <span class='ocr_line' id='line_1_17' title="bbox 239 1561 1237 1639; baseline 0.001 -17"><span class='ocrx_word' id='word_1_105' title='bbox 239 1563 496 1632; x_wconf 77' lang='lat' dir='ltr'>immanentem·</span> <span class='ocrx_word' id='word_1_106' title='bbox 510 1567 543 1624; x_wconf 88' lang='lat' dir='ltr'>et</span> <span class='ocrx_word' id='word_1_107' title='bbox 564 1562 704 1639; x_wconf 88' lang='lat' dir='ltr'>proinde</span> <span class='ocrx_word' id='word_1_108' title='bbox 725 1561 760 1624; x_wconf 93' lang='lat' dir='ltr'>id</span> <span class='ocrx_word' id='word_1_109' title='bbox 779 1562 868 1639; x_wconf 92' lang='lat' dir='ltr'>quod</span> <span class='ocrx_word' id='word_1_110' title='bbox 889 1561 1039 1637; x_wconf 85' lang='lat' dir='ltr'>producit</span> <span class='ocrx_word' id='word_1_111' title='bbox 1051 1561 1237 1631; x_wconf 87' lang='lat' dir='ltr'>intellectus,</span> 
     </span>
     <span class='ocr_line' id='line_1_18' title="bbox 240 1639 1238 1720; baseline 0.003 -20"><span class='ocrx_word' id='word_1_112' title='bbox 240 1639 319 1700; x_wconf 92' lang='lat' dir='ltr'>dum</span> <span class='ocrx_word' id='word_1_113' title='bbox 339 1646 504 1718; x_wconf 85' lang='lat' dir='ltr'>operatur.</span> <span class='ocrx_word' id='word_1_114' title='bbox 521 1653 571 1703; x_wconf 86' lang='lat' dir='ltr'>est</span> <span class='ocrx_word' id='word_1_115' title='bbox 589 1642 651 1718; x_wconf 91' lang='lat' dir='ltr'>ipsi</span> <span class='ocrx_word' id='word_1_116' title='bbox 674 1643 902 1713; x_wconf 80' lang='lat' dir='ltr'>intrinsecum3</span> <span class='ocrx_word' id='word_1_117' title='bbox 928 1646 1086 1717; x_wconf 88' lang='lat' dir='ltr'>preterea</span> <span class='ocrx_word' id='word_1_118' title='bbox 1110 1643 1238 1720; x_wconf 81' lang='lat' dir='ltr'>cognitio</span> 
     </span>
     <span class='ocr_line' id='line_1_19' title="bbox 238 1719 1238 1798; baseline 0 -18"><span class='ocrx_word' id='word_1_119' title='bbox 238 1721 343 1781; x_wconf 89' lang='lat' dir='ltr'>semel</span> <span class='ocrx_word' id='word_1_120' title='bbox 364 1719 484 1798; x_wconf 89' lang='lat' dir='ltr'>adepta</span> <span class='ocrx_word' id='word_1_121' title='bbox 499 1721 531 1782; x_wconf 89' lang='lat' dir='ltr'>in</span> <span class='ocrx_word' id='word_1_122' title='bbox 546 1722 642 1783; x_wconf 90' lang='lat' dir='ltr'>nobis</span> <span class='ocrx_word' id='word_1_123' title='bbox 661 1727 822 1792; x_wconf 86' lang='lat' dir='ltr'>remanet,</span> <span class='ocrx_word' id='word_1_124' title='bbox 850 1722 947 1784; x_wconf 84' lang='lat' dir='ltr'>etiam</span> <span class='ocrx_word' id='word_1_125' title='bbox 971 1727 1045 1798; x_wconf 86' lang='lat' dir='ltr'>post</span> <span class='ocrx_word' id='word_1_126' title='bbox 1068 1721 1238 1782; x_wconf 89' lang='lat' dir='ltr'>discessum</span> 
     </span>
     <span class='ocr_line' id='line_1_20' title="bbox 237 1799 1238 1879; baseline 0.002 -20"><span class='ocrx_word' id='word_1_127' title='bbox 237 1801 285 1860; x_wconf 89' lang='lat' dir='ltr'>rei</span> <span class='ocrx_word' id='word_1_128' title='bbox 306 1801 443 1879; x_wconf 85' lang='lat' dir='ltr'>cognitae</span> <span class='ocrx_word' id='word_1_129' title='bbox 466 1820 473 1861; x_wconf 94' lang='lat'><strong>:</strong></span> <span class='ocrx_word' id='word_1_130' title='bbox 497 1818 526 1862; x_wconf 90' lang='lat' dir='ltr'>v.</span> <span class='ocrx_word' id='word_1_131' title='bbox 544 1817 591 1878; x_wconf 78' lang='lat' dir='ltr'>g,</span> <span class='ocrx_word' id='word_1_132' title='bbox 614 1799 693 1861; x_wconf 92' lang='lat' dir='ltr'>dum</span> <span class='ocrx_word' id='word_1_133' title='bbox 713 1819 773 1878; x_wconf 93' lang='lat' dir='ltr'>per</span> <span class='ocrx_word' id='word_1_134' title='bbox 793 1800 997 1878; x_wconf 80' lang='lat' dir='ltr'>presentiam</span> <span class='ocrx_word' id='word_1_135' title='bbox 1019 1802 1157 1871; x_wconf 88' lang='lat' dir='ltr'>arboris,</span> <span class='ocrx_word' id='word_1_136' title='bbox 1179 1802 1238 1861; x_wconf 91' lang='lat' dir='ltr'>ani-</span> 
     </span>
     <span class='ocr_line' id='line_1_21' title="bbox 237 1880 1237 1961; baseline 0.002 -23"><span class='ocrx_word' id='word_1_137' title='bbox 237 1880 342 1947; x_wconf 87' lang='lat' dir='ltr'>malis,</span> <span class='ocrx_word' id='word_1_138' title='bbox 370 1885 445 1952; x_wconf 87' lang='lat' dir='ltr'>etc,</span> <span class='ocrx_word' id='word_1_139' title='bbox 472 1881 619 1961; x_wconf 83' lang='lat' dir='ltr'>exsurgit</span> <span class='ocrx_word' id='word_1_140' title='bbox 638 1881 673 1941; x_wconf 92' lang='lat' dir='ltr'>in</span> <span class='ocrx_word' id='word_1_141' title='bbox 693 1898 748 1943; x_wconf 93' lang='lat' dir='ltr'>me</span> <span class='ocrx_word' id='word_1_142' title='bbox 772 1880 1086 1960; x_wconf 89' lang='lat' dir='ltr'>quomodocumque</span> <span class='ocrx_word' id='word_1_143' title='bbox 1106 1881 1237 1959; x_wconf 87' lang='lat' dir='ltr'>cognitio</span> 
     </span>
     <span class='ocr_line' id='line_1_22' title="bbox 236 1958 1283 2040; baseline 0 -21"><span class='ocrx_word' id='word_1_144' title='bbox 236 1958 353 2021; x_wconf 90' lang='lat' dir='ltr'>harum</span> <span class='ocrx_word' id='word_1_145' title='bbox 366 1976 488 2032; x_wconf 91' lang='lat' dir='ltr'>rerum,</span> <span class='ocrx_word' id='word_1_146' title='bbox 512 1963 579 2023; x_wconf 90' lang='lat' dir='ltr'>haec</span> <span class='ocrx_word' id='word_1_147' title='bbox 593 1961 747 2040; x_wconf 85' lang='lat' dir='ltr'>cognitio,</span> <span class='ocrx_word' id='word_1_148' title='bbox 765 1978 864 2040; x_wconf 89' lang='lat' dir='ltr'>quam</span> <span class='ocrx_word' id='word_1_149' title='bbox 879 1965 977 2021; x_wconf 90' lang='lat' dir='ltr'>antea</span> <span class='ocrx_word' id='word_1_150' title='bbox 991 1977 1057 2022; x_wconf 91' lang='lat' dir='ltr'>non</span> <span class='ocrx_word' id='word_1_151' title='bbox 1070 1961 1237 2025; x_wconf 85' lang='lat' dir='ltr'>habebam,</span> <span class='ocrx_word' id='word_1_152' title='bbox 1281 2032 1283 2037; x_wconf 23' lang='grc' dir='ltr'>Ι</span> 
     </span>
     <span class='ocr_line' id='line_1_23' title="bbox 236 2039 1283 2120; baseline -0.001 -20"><span class='ocrx_word' id='word_1_153' title='bbox 236 2039 278 2100; x_wconf 89' lang='lat' dir='ltr'>ab</span> <span class='ocrx_word' id='word_1_154' title='bbox 313 2040 420 2100; x_wconf 87' lang='lat' dir='ltr'>animo</span> <span class='ocrx_word' id='word_1_155' title='bbox 452 2057 519 2104; x_wconf 93' lang='lat' dir='ltr'>non</span> <span class='ocrx_word' id='word_1_156' title='bbox 554 2039 682 2120; x_wconf 87' lang='lat' dir='ltr'>aufugit</span> <span class='ocrx_word' id='word_1_157' title='bbox 711 2041 790 2103; x_wconf 89' lang='lat' dir='ltr'>dum</span> <span class='ocrx_word' id='word_1_158' title='bbox 821 2043 861 2103; x_wconf 86' lang='lat' dir='ltr'>ah</span> <span class='ocrx_word' id='word_1_159' title='bbox 891 2041 1031 2120; x_wconf 87' lang='lat' dir='ltr'>objectis</span> <span class='ocrx_word' id='word_1_160' title='bbox 1057 2042 1092 2102; x_wconf 94' lang='lat' dir='ltr'>in</span> <span class='ocrx_word' id='word_1_161' title='bbox 1120 2040 1239 2117; x_wconf 88' lang='lat' dir='ltr'>propria</span> <span class='ocrx_word' id='word_1_162' title='bbox 1281 2042 1283 2065; x_wconf 86' lang='lat'><strong>¹</strong></span> 
     </span>
    </p>
   </div>
   <div class='ocr_carea' id='block_1_3' title="bbox 124 2119 1239 2199">
    <p class='ocr_par' dir='ltr' id='par_1_5' title="bbox 124 2119 1239 2199">
     <span class='ocr_line' id='line_1_24' title="bbox 124 2119 1239 2199; baseline -0.003 -17"><span class='ocrx_word' id='word_1_163' title='bbox 124 2189 127 2196; x_wconf 89' lang='lat'><em>.</em></span> <span class='ocrx_word' id='word_1_164' title='bbox 236 2123 354 2182; x_wconf 88' lang='lat' dir='ltr'>natura</span> <span class='ocrx_word' id='word_1_165' title='bbox 387 2124 542 2196; x_wconf 86' lang='lat' dir='ltr'>spectatis</span> <span class='ocrx_word' id='word_1_166' title='bbox 578 2121 712 2183; x_wconf 87' lang='lat' dir='ltr'>recedo.</span> <span class='ocrx_word' id='word_1_167' title='bbox 758 2123 829 2182; x_wconf 89' lang='lat' dir='ltr'>Hec</span> <span class='ocrx_word' id='word_1_168' title='bbox 866 2123 1009 2199; x_wconf 90' lang='lat' dir='ltr'>cognitio</span> <span class='ocrx_word' id='word_1_169' title='bbox 1045 2137 1107 2182; x_wconf 91' lang='lat' dir='ltr'>seu</span> <span class='ocrx_word' id='word_1_170' title='bbox 1146 2119 1239 2183; x_wconf 84' lang='lat' dir='ltr'>forma</span> 
     </span>
    </p>
   </div>
   <div class='ocr_carea' id='block_1_4' title="bbox 234 2199 1282 2678">
    <p class='ocr_par' dir='ltr' id='par_1_6' title="bbox 234 2199 1239 2279">
     <span class='ocr_line' id='line_1_25' title="bbox 234 2199 1239 2279; baseline -0.001 -19"><span class='ocrx_word' id='word_1_171' title='bbox 234 2202 501 2276; x_wconf 78' lang='lat' dir='ltr'>repraesentativa</span> <span class='ocrx_word' id='word_1_172' title='bbox 516 2206 567 2262; x_wconf 92' lang='lat' dir='ltr'>est</span> <span class='ocrx_word' id='word_1_173' title='bbox 580 2207 694 2279; x_wconf 89' lang='lat' dir='ltr'>partus</span> <span class='ocrx_word' id='word_1_174' title='bbox 708 2201 839 2261; x_wconf 86' lang='lat' dir='ltr'>mentis.</span> <span class='ocrx_word' id='word_1_175' title='bbox 864 2201 942 2260; x_wconf 92' lang='lat' dir='ltr'>llinc</span> <span class='ocrx_word' id='word_1_176' title='bbox 957 2203 1068 2276; x_wconf 91' lang='lat' dir='ltr'>potest</span> <span class='ocrx_word' id='word_1_177' title='bbox 1094 2205 1128 2260; x_wconf 88' lang='lat' dir='ltr'>el</span> <span class='ocrx_word' id='word_1_178' title='bbox 1151 2199 1239 2261; x_wconf 88' lang='lat' dir='ltr'>debet</span> 
     </span>
    </p>

    <p class='ocr_par' dir='ltr' id='par_1_7' title="bbox 236 2278 1282 2753">
     <span class='ocr_line' id='line_1_26' title="bbox 237 2278 1282 2360; baseline 0 -20"><span class='ocrx_word' id='word_1_179' title='bbox 237 2279 302 2340; x_wconf 86' lang='lat' dir='ltr'>dici</span> <span class='ocrx_word' id='word_1_180' title='bbox 317 2283 475 2342; x_wconf 91' lang='lat' dir='ltr'>terminus</span> <span class='ocrx_word' id='word_1_181' title='bbox 490 2281 691 2360; x_wconf 79' lang='lat' dir='ltr'>subjectivae</span> <span class='ocrx_word' id='word_1_182' title='bbox 705 2281 903 2345; x_wconf 87' lang='lat' dir='ltr'>intellectus.</span> <span class='ocrx_word' id='word_1_183' title='bbox 928 2283 1029 2358; x_wconf 86' lang='lat' dir='ltr'>igitur</span> <span class='ocrx_word' id='word_1_184' title='bbox 1054 2280 1178 2356; x_wconf 91' lang='lat' dir='ltr'>duplex</span> <span class='ocrx_word' id='word_1_185' title='bbox 1198 2284 1239 2340; x_wconf 85' lang='lat' dir='ltr'>est</span> <span class='ocrx_word' id='word_1_186' title='bbox 1280 2278 1282 2327; x_wconf 78' lang='lat' dir='ltr'>l</span> 
     </span>
     <span class='ocr_line' id='line_1_27' title="bbox 237 2360 1280 2438; baseline -0.002 -18"><span class='ocrx_word' id='word_1_187' title='bbox 237 2360 395 2421; x_wconf 87' lang='lat' dir='ltr'>terminus</span> <span class='ocrx_word' id='word_1_188' title='bbox 432 2361 628 2423; x_wconf 80' lang='lat' dir='ltr'>intellectus</span> <span class='ocrx_word' id='word_1_189' title='bbox 667 2363 750 2423; x_wconf 89' lang='lat' dir='ltr'>alter</span> <span class='ocrx_word' id='word_1_190' title='bbox 786 2360 1000 2438; x_wconf 90' lang='lat' dir='ltr'>subjectivus‚</span> <span class='ocrx_word' id='word_1_191' title='bbox 1037 2361 1094 2438; x_wconf 94' lang='lat' dir='ltr'>qui</span> <span class='ocrx_word' id='word_1_192' title='bbox 1121 2361 1237 2421; x_wconf 86' lang='lat' dir='ltr'>actione</span> <span class='ocrx_word' id='word_1_193' title='bbox 1279 2426 1280 2433; x_wconf 8' lang='grc' dir='ltr'>ἵ</span> 
     </span>
     <span class='ocr_line' id='line_1_28' title="bbox 236 2439 1280 2518; baseline -0.003 -18"><span class='ocrx_word' id='word_1_194' title='bbox 236 2439 397 2517; x_wconf 86' lang='lat' dir='ltr'>producta</span> <span class='ocrx_word' id='word_1_195' title='bbox 413 2456 474 2501; x_wconf 90' lang='lat' dir='ltr'>seu</span> <span class='ocrx_word' id='word_1_196' title='bbox 493 2440 594 2502; x_wconf 91' lang='lat' dir='ltr'>verbo</span> <span class='ocrx_word' id='word_1_197' title='bbox 610 2442 741 2513; x_wconf 90' lang='lat' dir='ltr'>mentis,</span> <span class='ocrx_word' id='word_1_198' title='bbox 755 2440 789 2501; x_wconf 93' lang='lat' dir='ltr'>id</span> <span class='ocrx_word' id='word_1_199' title='bbox 806 2445 865 2507; x_wconf 90' lang='lat' dir='ltr'>est,</span> <span class='ocrx_word' id='word_1_200' title='bbox 885 2439 1017 2500; x_wconf 89' lang='lat' dir='ltr'>mentali</span> <span class='ocrx_word' id='word_1_201' title='bbox 1036 2443 1085 2503; x_wconf 89' lang='lat' dir='ltr'>rei</span> <span class='ocrx_word' id='word_1_202' title='bbox 1109 2440 1236 2518; x_wconf 89' lang='lat' dir='ltr'>cognite</span> <span class='ocrx_word' id='word_1_203' title='bbox 1279 2440 1280 2477; x_wconf 53' lang='lat' dir='ltr'>f</span> 
     </span>
     <span class='ocr_line' id='line_1_29' title="bbox 236 2516 1281 2598; baseline -0.001 -19"><span class='ocrx_word' id='word_1_204' title='bbox 236 2523 526 2596; x_wconf 84' lang='lat' dir='ltr'>representatione</span> <span class='ocrx_word' id='word_1_205' title='bbox 552 2523 707 2590; x_wconf 84' lang='lat' dir='ltr'>consistit,</span> <span class='ocrx_word' id='word_1_206' title='bbox 734 2521 818 2580; x_wconf 89' lang='lat' dir='ltr'>alter</span> <span class='ocrx_word' id='word_1_207' title='bbox 836 2520 1029 2597; x_wconf 77' lang='lat' dir='ltr'>obJectivus,</span> <span class='ocrx_word' id='word_1_208' title='bbox 1051 2520 1108 2598; x_wconf 94' lang='lat' dir='ltr'>qui</span> <span class='ocrx_word' id='word_1_209' title='bbox 1128 2525 1179 2581; x_wconf 91' lang='lat' dir='ltr'>est</span> <span class='ocrx_word' id='word_1_210' title='bbox 1193 2534 1239 2578; x_wconf 90' lang='lat' dir='ltr'>res</span> <span class='ocrx_word' id='word_1_211' title='bbox 1279 2516 1281 2589; x_wconf 65' lang='lat' dir='ltr'>l</span> 
     </span>
     <span class='ocr_line' id='line_1_30' title="bbox 237 2599 1028 2678; baseline 0 -18"><span class='ocrx_word' id='word_1_212' title='bbox 237 2602 307 2676; x_wconf 89' lang='lat' dir='ltr'>ipsa</span> <span class='ocrx_word' id='word_1_213' title='bbox 325 2601 455 2678; x_wconf 87' lang='lat' dir='ltr'>cognita</span> <span class='ocrx_word' id='word_1_214' title='bbox 470 2617 531 2663; x_wconf 92' lang='lat' dir='ltr'>seu</span> <span class='ocrx_word' id='word_1_215' title='bbox 545 2602 705 2676; x_wconf 80' lang='lat' dir='ltr'>objectum</span> <span class='ocrx_word' id='word_1_216' title='bbox 720 2603 806 2676; x_wconf 78' lang='lat' dir='ltr'>quod</span> <span class='ocrx_word' id='word_1_217' title='bbox 825 2599 1028 2662; x_wconf 85' lang='lat' dir='ltr'>intellectus.</span> 
     </span>
    </p>
   </div>
   <div class='ocr_carea' id='block_1_5' title="bbox 240 2723 1280 3023">
    <p class='ocr_par' dir='ltr' id='par_1_8' title="bbox 240 2723 1280 3023">
     <span class='ocr_line' id='line_1_31' title="bbox 240 2723 1239 2798; baseline -0.007 -12"><span class='ocrx_word' id='word_1_218' title='bbox 240 2724 307 2786; x_wconf 77' lang='lat'><strong>192.</strong></span> <span class='ocrx_word' id='word_1_219' title='bbox 324 2759 361 2768; x_wconf 87' lang='lat'>-</span> <span class='ocrx_word' id='word_1_220' title='bbox 376 2727 482 2786; x_wconf 82' lang='lat' dir='ltr'>Trmsrs</span> <span class='ocrx_word' id='word_1_221' title='bbox 497 2725 547 2786; x_wconf 89' lang='lat' dir='ltr'>Vl.</span> <span class='ocrx_word' id='word_1_222' title='bbox 565 2728 646 2787; x_wconf 77' lang='lat' dir='ltr'>licet</span> <span class='ocrx_word' id='word_1_223' title='bbox 660 2723 837 2785; x_wconf 83' lang='lat' dir='ltr'>intellectus</span> <span class='ocrx_word' id='word_1_224' title='bbox 851 2723 1036 2798; x_wconf 66' lang='lat' dir='ltr'>singularia</span> <span class='ocrx_word' id='word_1_225' title='bbox 1062 2725 1162 2783; x_wconf 81' lang='lat' dir='ltr'>etiam</span> <span class='ocrx_word' id='word_1_226' title='bbox 1175 2738 1239 2797; x_wconf 86' lang='lat' dir='ltr'>per·</span> 
     </span>
     <span class='ocr_line' id='line_1_32' title="bbox 277 2803 1280 2881; baseline -0.003 -18"><span class='ocrx_word' id='word_1_227' title='bbox 277 2806 387 2878; x_wconf 76' lang='lat' dir='ltr'>cipiet,</span> <span class='ocrx_word' id='word_1_228' title='bbox 405 2806 512 2866; x_wconf 79' lang='lat' dir='ltr'>tomen</span> <span class='ocrx_word' id='word_1_229' title='bbox 521 2807 699 2881; x_wconf 77' lang='lat' dir='ltr'>proprium</span> <span class='ocrx_word' id='word_1_230' title='bbox 717 2808 745 2864; x_wconf 87' lang='lat' dir='ltr'>et</span> <span class='ocrx_word' id='word_1_231' title='bbox 761 2805 919 2865; x_wconf 74' lang='lat' dir='ltr'>directum</span> <span class='ocrx_word' id='word_1_232' title='bbox 940 2806 1010 2879; x_wconf 81' lang='lat' dir='ltr'>ejus</span> <span class='ocrx_word' id='word_1_233' title='bbox 1028 2803 1184 2879; x_wconf 83' lang='lat' dir='ltr'>objectum</span> <span class='ocrx_word' id='word_1_234' title='bbox 1203 2805 1238 2861; x_wconf 83' lang='lat' dir='ltr'>est</span> <span class='ocrx_word' id='word_1_235' title='bbox 1277 2817 1280 2881; x_wconf 68' lang='lat' dir='ltr'>t</span> 
     </span>
     <span class='ocr_line' id='line_1_33' title="bbox 277 2884 1278 3023; baseline -0.003 -81"><span class='ocrx_word' id='word_1_236' title='bbox 277 2885 470 2947; x_wconf 82' lang='lat' dir='ltr'>universale.</span> <span class='ocrx_word' id='word_1_237' title='bbox 1276 2884 1278 3023; x_wconf 53' lang='lat'>‹</span> 
     </span>
    </p>
   </div>
   <div class='ocr_carea' id='block_1_6' title="bbox 237 2996 1279 3710">
    <p class='ocr_par' dir='ltr' id='par_1_9' title="bbox 237 2996 1279 3710">
     <span class='ocr_line' id='line_1_34' title="bbox 276 2996 1235 3074; baseline -0.004 -15"><span class='ocrx_word' id='word_1_238' title='bbox 276 2999 368 3059; x_wconf 84' lang='lat' dir='ltr'>Noto.</span> <span class='ocrx_word' id='word_1_239' title='bbox 410 2997 652 3060; x_wconf 85' lang='lat' dir='ltr'>Advertendum</span> <span class='ocrx_word' id='word_1_240' title='bbox 691 3002 742 3059; x_wconf 90' lang='lat' dir='ltr'>est</span> <span class='ocrx_word' id='word_1_241' title='bbox 780 2998 904 3074; x_wconf 81' lang='lat' dir='ltr'>duplex</span> <span class='ocrx_word' id='word_1_242' title='bbox 927 3011 1009 3057; x_wconf 85' lang='lat' dir='ltr'>esse</span> <span class='ocrx_word' id='word_1_243' title='bbox 1047 2996 1235 3064; x_wconf 88' lang='lat' dir='ltr'>universale,</span> 
     </span>
     <span class='ocr_line' id='line_1_35' title="bbox 237 3074 1279 3152; baseline -0.005 -13"><span class='ocrx_word' id='word_1_244' title='bbox 237 3077 377 3139; x_wconf 87' lang='lat' dir='ltr'>alterum</span> <span class='ocrx_word' id='word_1_245' title='bbox 390 3080 559 3148; x_wconf 80' lang='lat' dir='ltr'>directum,</span> <span class='ocrx_word' id='word_1_246' title='bbox 576 3079 716 3139; x_wconf 90' lang='lat' dir='ltr'>alterum</span> <span class='ocrx_word' id='word_1_247' title='bbox 729 3079 903 3152; x_wconf 69' lang='lat' dir='ltr'>reflexum.</span> <span class='ocrx_word' id='word_1_248' title='bbox 930 3075 1117 3138; x_wconf 88' lang='lat' dir='ltr'>Universale</span> <span class='ocrx_word' id='word_1_249' title='bbox 1144 3074 1237 3137; x_wconf 90' lang='lat' dir='ltr'>direc-</span> <span class='ocrx_word' id='word_1_250' title='bbox 1276 3080 1279 3122; x_wconf 85' lang='lat'><strong>¹</strong></span> 
     </span>
     <span class='ocr_line' id='line_1_36' title="bbox 238 3156 1237 3235; baseline -0.005 -17"><span class='ocrx_word' id='word_1_251' title='bbox 238 3162 308 3218; x_wconf 92' lang='lat' dir='ltr'>tum</span> <span class='ocrx_word' id='word_1_252' title='bbox 332 3162 382 3219; x_wconf 90' lang='lat' dir='ltr'>est</span> <span class='ocrx_word' id='word_1_253' title='bbox 406 3156 555 3235; x_wconf 88' lang='lat' dir='ltr'>quedam</span> <span class='ocrx_word' id='word_1_254' title='bbox 574 3158 655 3218; x_wconf 87' lang='lat' dir='ltr'>ratio</span> <span class='ocrx_word' id='word_1_255' title='bbox 681 3174 723 3217; x_wconf 80' lang='lat' dir='ltr'>ex</span> <span class='ocrx_word' id='word_1_256' title='bbox 744 3173 778 3217; x_wconf 85' lang='lat' dir='ltr'>se</span> <span class='ocrx_word' id='word_1_257' title='bbox 800 3156 1002 3228; x_wconf 80' lang='lat' dir='ltr'>uniuersalis,</span> <span class='ocrx_word' id='word_1_258' title='bbox 1024 3156 1102 3217; x_wconf 91' lang='lat' dir='ltr'>licet</span> <span class='ocrx_word' id='word_1_259' title='bbox 1121 3160 1158 3216; x_wconf 90' lang='lat' dir='ltr'>ut</span> <span class='ocrx_word' id='word_1_260' title='bbox 1179 3156 1237 3215; x_wconf 91' lang='lat' dir='ltr'>uni-</span> 
     </span>
     <span class='ocr_line' id='line_1_37' title="bbox 238 3235 1237 3315; baseline -0.006 -15"><span class='ocrx_word' id='word_1_261' title='bbox 238 3237 372 3300; x_wconf 84' lang='lat' dir='ltr'>versalis</span> <span class='ocrx_word' id='word_1_262' title='bbox 387 3236 494 3299; x_wconf 87' lang='lat' dir='ltr'>adhuc</span> <span class='ocrx_word' id='word_1_263' title='bbox 509 3253 576 3298; x_wconf 91' lang='lat' dir='ltr'>non</span> <span class='ocrx_word' id='word_1_264' title='bbox 592 3236 871 3315; x_wconf 84' lang='lat' dir='ltr'>deprehendatur,</span> <span class='ocrx_word' id='word_1_265' title='bbox 897 3251 1017 3311; x_wconf 89' lang='lat' dir='ltr'>nempe</span> <span class='ocrx_word' id='word_1_266' title='bbox 1040 3235 1102 3296; x_wconf 90' lang='lat' dir='ltr'>sub</span> <span class='ocrx_word' id='word_1_267' title='bbox 1125 3235 1237 3295; x_wconf 88' lang='lat' dir='ltr'>ratione</span> 
     </span>
     <span class='ocr_line' id='line_1_38' title="bbox 237 3314 1236 3396; baseline -0.007 -17"><span class='ocrx_word' id='word_1_268' title='bbox 237 3316 362 3380; x_wconf 83' lang='lat' dir='ltr'>formali</span> <span class='ocrx_word' id='word_1_269' title='bbox 378 3314 576 3379; x_wconf 84' lang='lat' dir='ltr'>habitudinis</span> <span class='ocrx_word' id='word_1_270' title='bbox 591 3317 634 3378; x_wconf 91' lang='lat' dir='ltr'>ad</span> <span class='ocrx_word' id='word_1_271' title='bbox 648 3318 759 3377; x_wconf 88' lang='lat' dir='ltr'>multa.</span> <span class='ocrx_word' id='word_1_272' title='bbox 786 3315 862 3396; x_wconf 85' lang='grc'><strong>(18).</strong></span> <span class='ocrx_word' id='word_1_273' title='bbox 890 3316 1077 3378; x_wconf 87' lang='lat' dir='ltr'>Universale</span> <span class='ocrx_word' id='word_1_274' title='bbox 1092 3314 1236 3376; x_wconf 86' lang='lat' dir='ltr'>reflexum</span> 
     </span>
     <span class='ocr_line' id='line_1_39' title="bbox 237 3396 1236 3473; baseline -0.005 -15"><span class='ocrx_word' id='word_1_275' title='bbox 237 3402 289 3458; x_wconf 90' lang='grc' dir='ltr'>εει</span> <span class='ocrx_word' id='word_1_276' title='bbox 302 3399 411 3472; x_wconf 91' lang='lat' dir='ltr'>ipsum</span> <span class='ocrx_word' id='word_1_277' title='bbox 424 3397 608 3459; x_wconf 89' lang='lat' dir='ltr'>universale</span> <span class='ocrx_word' id='word_1_278' title='bbox 632 3396 794 3458; x_wconf 90' lang='lat' dir='ltr'>directum</span> <span class='ocrx_word' id='word_1_279' title='bbox 818 3401 983 3473; x_wconf 86' lang='lat' dir='ltr'>quatenus</span> <span class='ocrx_word' id='word_1_280' title='bbox 1009 3396 1188 3472; x_wconf 87' lang='lat' dir='ltr'>concipitur</span> <span class='ocrx_word' id='word_1_281' title='bbox 1208 3399 1236 3454; x_wconf 92' lang='lat' dir='ltr'>ut</span> 
     </span>
     <span class='ocr_line' id='line_1_40' title="bbox 238 3475 1236 3554; baseline -0.004 -18"><span class='ocrx_word' id='word_1_282' title='bbox 238 3476 387 3554; x_wconf 91' lang='lat' dir='ltr'>quedam</span> <span class='ocrx_word' id='word_1_283' title='bbox 401 3477 481 3538; x_wconf 89' lang='lat' dir='ltr'>ratio</span> <span class='ocrx_word' id='word_1_284' title='bbox 498 3493 559 3536; x_wconf 91' lang='lat' dir='ltr'>seu</span> <span class='ocrx_word' id='word_1_285' title='bbox 570 3478 682 3550; x_wconf 79' lang='lat' dir='ltr'>formo</span> <span class='ocrx_word' id='word_1_286' title='bbox 701 3475 854 3550; x_wconf 78' lang='lat' dir='ltr'>pluribus</span> <span class='ocrx_word' id='word_1_287' title='bbox 873 3476 1082 3550; x_wconf 78' lang='lat' dir='ltr'>uniformiter</span> <span class='ocrx_word' id='word_1_288' title='bbox 1100 3475 1236 3549; x_wconf 80' lang='lat' dir='ltr'>applico-</span> 
     </span>
     <span class='ocr_line' id='line_1_41' title="bbox 237 3552 1235 3628; baseline -0.004 -12"><span class='ocrx_word' id='word_1_289' title='bbox 237 3555 320 3616; x_wconf 71' lang='lat' dir='ltr'>tetis.</span> <span class='ocrx_word' id='word_1_290' title='bbox 341 3557 398 3616; x_wconf 85' lang='lat' dir='ltr'>Ex.</span> <span class='ocrx_word' id='word_1_291' title='bbox 418 3554 550 3628; x_wconf 88' lang='lat' dir='ltr'>:Quum</span> <span class='ocrx_word' id='word_1_292' title='bbox 573 3554 759 3616; x_wconf 91' lang='lat' dir='ltr'>intellectus</span> <span class='ocrx_word' id='word_1_293' title='bbox 779 3553 903 3614; x_wconf 85' lang='lat' dir='ltr'>directe</span> <span class='ocrx_word' id='word_1_294' title='bbox 922 3555 1092 3614; x_wconf 81' lang='lat' dir='ltr'>essentiam</span> <span class='ocrx_word' id='word_1_295' title='bbox 1108 3552 1235 3616; x_wconf 90' lang='lat' dir='ltr'>hominis</span> 
     </span>
     <span class='ocr_line' id='line_1_42' title="bbox 238 3632 1234 3710; baseline -0.002 -17"><span class='ocrx_word' id='word_1_296' title='bbox 238 3632 468 3710; x_wconf 88' lang='lat' dir='ltr'>apprehendit,</span> <span class='ocrx_word' id='word_1_297' title='bbox 485 3648 583 3710; x_wconf 88' lang='lat' dir='ltr'>quam</span> <span class='ocrx_word' id='word_1_298' title='bbox 598 3632 710 3694; x_wconf 89' lang='lat' dir='ltr'>educit</span> <span class='ocrx_word' id='word_1_299' title='bbox 724 3648 766 3693; x_wconf 91' lang='lat' dir='ltr'>ex</span> <span class='ocrx_word' id='word_1_300' title='bbox 783 3633 929 3694; x_wconf 85' lang='lat' dir='ltr'>sensibili</span> <span class='ocrx_word' id='word_1_301' title='bbox 951 3633 1234 3710; x_wconf 76' lang='lat' dir='ltr'>representatione</span> 
     </span>
    </p>
   </div>
   <div class='ocr_carea' id='block_1_7' title="bbox 0 0 1326 4209">
    <p class='ocr_par' dir='ltr' id='par_1_10' title="bbox 0 0 1326 4209">
     <span class='ocr_line' id='line_1_43' title="bbox 0 0 1326 4209; baseline 0 1"><span class='ocrx_word' id='word_1_302' title='bbox 0 0 1326 4209; x_wconf 95' lang='lat' dir='ltr'> </span> 
     </span>
    </p>
   </div>
  </div>
 </body>
</html>
