2642 4209
183 734 507 799 APPmme
530 734 614 799 AD
638 702 1119 801 mosmomominnn.

181 910 277 971 Nota.
299 908 356 970 Hic
370 924 439 970 non
453 909 581 988 agimus
595 909 664 981 sive
681 907 723 969 de
745 925 835 969 nexu
854 908 1049 989 (secundum
1063 912 1157 969 natu·

130 1004 219 1060 -ram,
237 989 431 1050 activitatem
447 994 480 1049 et
492 987 605 1059 finem)
616 990 819 1050 diversorum
831 991 1073 1050 mnudienttum
1087 989 1156 1050 sive

137 1066 183 1131 de
195 1068 437 1141 pulchritudine
447 1083 524 1146 ‘qne
538 1068 676 1130 resultat
687 1084 728 1127 ex
742 1068 986 1145 multiplidtate,
998 1070 1155 1130 varietate

135 1152 174 1209 ct
199 1148 370 1208 harmonia
396 1164 506 1209 rerum
530 1146 780 1209 mundanarum.
804 1148 956 1222 Primum,
990 1147 1082 1224 quod
1113 1148 1153 1209 ab

133 1226 299 1304 aliquibus
314 1228 552 1288 recentioribus
570 1228 688 1290 leviter
702 1227 945 1309 praestringitur,
960 1226 1155 1303 expendunt

133 1306 283 1384 theologi
292 1310 326 1368 in
336 1308 439 1368 Tract.
457 1306 499 1369 de
511 1309 580 1369 Deo
592 1322 658 1367 uno
672 1312 704 1367 et
719 1306 761 1368 de
775 1309 845 1369 Deo
857 1313 1019 1378 creatore;
1031 1322 1151 1367 secun-

133 1384 212 1447 dum
240 1389 290 1447 sat
317 1386 490 1447 innotescit
525 1402 566 1447 ex
601 1385 706 1462 primo
738 1394 837 1447 etex
876 1393 969 1447 antea
998 1386 1094 1447 dictis
1110 1384 1153 1447 de

133 1462 377 1541 pulchritudine
393 1462 527 1544 (l‚332,).
541 1468 666 1544 ltaque,
682 1472 836 1544 superest
850 1466 1029 1544 agendum.

245 1640 283 1682 DE
296 1636 473 1683 nesscimus
486 1639 578 1684 tusas
591 1640 716 1685 NATURAE
729 1637 1051 1684 mensunuoutu'rtuus
1097 1652 1106 1665 ·

172 1772 224 1841 90.
244 1812 282 1821 -
293 1778 398 1857 Leges
408 1778 549 1857 physice
564 1783 685 1841 naturae
700 1776 755 1859 (l),
768 1794 840 1857 quae
854 1784 932 1839 sunt
956 1778 1044 1840 modi
1060 1794 1153 1843 cons-

133 1862 242 1920 tantes
260 1861 300 1919 et
323 1856 601 1935 uniformes'quos
626 1865 762 1928 servant
783 1858 913 1937 agentia
927 1860 1106 1920 materlalia
1118 1862 1153 1922 in

135 1936 282 2017 agendo,
297 1938 457 2000 resultant
476 1954 517 1999 ex
533 1938 763 2001 essentialibus
779 1953 952 2016 corporum
974 1940 1153 2016 proprieta·
1187 1947 1189 1950 ’

132 2018 233 2080 tibus
255 2015 338 2079 Sunt
363 2010 561 2089 constantes
577 2017 654 2081 ideo
678 2015 753 2095 quia
767 2016 959 2079 essentiales
979 2034 1151 2094 corporum

131 2098 353 2175 proprietates
368 2102 571 2172 permanent.
588 2098 708 2159 Verum
722 2098 790 2158 haec
818 2097 999 2159 constantia
1039 2100 1151 2177 legum

130 2176 341 2256 physicarum
364 2178 432 2238 Deo
449 2176 590 2238 creatori
609 2181 640 2238 ct
652 2178 875 2238 conservatori
885 2177 1029 2239 omnium
1039 2194 1151 2239 rerum

130 2260 186 2317 est
212 2256 365 2330 obnoxia3
394 2260 427 2317 et
453 2257 556 2333 prima
576 2272 614 2319 ac
637 2257 912 2320 universalissima
937 2258 993 2318 lex
1013 2257 1175 2336 physica·

128 2341 184 2397 est
209 2335 277 2397 haec
300 2333 524 2413 dependentia
551 2336 695 2397 omnium
712 2339 1033 2397 rerum-creatarum.
1049 2338 1148 2400 Porro

129 2430 207 2477 cum
248 2416 337 2475 Deus
372 2414 462 2476 hisce
498 2416 629 2493 legibus
668 2415 816 2495 derogat,
845 2415 986 2478 habetur
1009 2416 1149 2479 enectus

129 2497 412 2571 sarpermondanus
432 2510 494 2556 seu
507 2494 716 2555 miraculum.

173 2572 314 2635 Miraculi
328 2582 461 2645 nomen,
475 2590 494 2634 a
507 2576 658 2635 mirando
684 2573 905 2651 desumptum,
930 2590 1000 2634 rem
1025 2572 1147 2653 signifi-

132 2657 187 2713 cat
212 2652 423 2715 admiratione
452 2653 609 2731 dignam:
633 2670 707 2713 cum
726 2656 811 2714 enim
835 2653 982 2731 gignitur
1010 2655 1148 2717 eftectus

126 2733 231 2811 cujus
254 2738 353 2793 cansa
367 2737 433 2795 tcto
449 2748 558 2793 rerum
575 2739 754 2794 creatarum
769 2733 890 2795 ambitu
911 2749 978 2793 non
990 2734 1145 2812 leontino·

133 2816 199 2886 tur,
237 2826 276 2872 ae
305 2811 446 2891 proinde
481 2812 610 2873 occulta
653 2816 812 2884 remanet,
858 2810 1025 2875 admiratio
1068 2813 1147 2874 inde

131 2891 288 2953 nascitur.
317 2894 358 2953 At
384 2891 501 2952 dantur
523 2890 670 2970 quaedam
693 2908 796 2968 opera
816 2890 944 2952 insueta
970 2894 1005 2951 in
1027 2897 1148 2954 natura

131 2970 298 3033 sensibilis
326 2987 424 3033 cursu
452 2986 523 3048 quae
551 2970 797 3032 admirationem
813 2972 965 3044 excitant,
989 2971 1067 3031 licet
1105 2986 1149 3033 ex

131 3050 255 3113 viribus
272 3050 455 3127 procedant
483 3067 554 3128 quae
582 3048 732 3111 ordinem
764 3048 1017 3127 facultatemque
1046 3053 1147 3113 totius

130 3138 254 3191 naturae
277 3134 390 3191 creatae
411 3144 479 3191 non
499 3128 679 3191 excedunt.
703 3131 739 3189 Hi
760 3128 898 3190 effectus
912 3130 1068 3191 miracula
1078 3146 1147 3192 nou

129 3226 203 3271 raro
235 3208 427 3271 vocitantur.
458 3211 537 3276 ilinc
568 3220 628 3287 per
659 3208 808 3269 ordinem
851 3225 988 3287 agemus
1031 3213 1061 3271 1⁰
1102 3210 1145 3272 de

131 3288 294 3351 miraculis
316 3290 444 3367 proprie
467 3288 571 3361 dictis,
595 3304 656 3350 scu
679 3288 721 3349 de
744 3287 917 3350 effectibus
947 3295 1143 3366 supernatu-

163 3426 197 3489 (1)
220 3424 307 3476 Variae
329 3429 433 3489 possent
447 3424 569 3490 distingui
583 3424 680 3489 species
693 3425 778 3474 levum
792 3425 965 3475 naturalium:
980 3425 1037 3477 aliae
1051 3442 1148 3478 vocan-

134 3490 175 3537 tur
193 3488 325 3556 cosmiana,
336 3500 394 3556 quae
406 3486 492 3537 ordini
506 3486 643 3536 universali
653 3464 742 3536 mundi
754 3491 815 3536 sunt
830 3488 933 3549 inditae;
943 3486 1000 3539 eliae
1015 3494 1075 3538 sunt
1089 3506 1147 3554 quas

134 3548 272 3615 respiciunt
285 3548 401 3598 ordinem
415 3548 555 3608 moralem,
565 3549 596 3597 de
610 3549 701 3611 quihus
710 3553 809 3613 postem
820 3549 878 3598 aliae
894 3550 1003 3613 denique
1020 3552 1147 3601 habentur

134 3625 190 3674 quae
204 3608 344 3673 respiciunt
367 3610 479 3659 actiones
490 3624 576 3659 rerum
593 3608 748 3659 naturalium
763 3613 789 3659 et
801 3612 905 3661 modum
919 3626 969 3675 quo
981 3611 1032 3663 alia
1043 3613 1076 3661 nb
1089 3612 1147 3663 aliis

136 3670 273 3737 pendeant,
287 3674 312 3720 et
326 3669 415 3721 dicunt
429 3672 499 3737 leges
508 3672 637 3735 physice.
651 3670 744 3721 Dahis
756 3672 853 3721 ultimis
864 3671 960 3738 agitur.
