2642 4209
243 279 299 339 lat
548 295 727 344 onnvrtmuu
748 299 950 344 ruinosoemm

250 479 252 483 ⁸
279 409 311 471 3⁰
332 411 558 485 Materialistae,
576 415 631 492 qui
655 415 859 476 existentiam
880 412 1029 490 principii
1050 413 1197 491 simplicis
1208 417 1237 476 in

238 487 372 552 homine
393 507 412 552 a
433 508 571 569 corpore
595 494 737 556 distincti
755 493 948 565 inficiantur,
964 494 996 553 in
1012 493 1237 557 sensationibus

238 573 318 632 niuil
339 570 429 633 aliud
449 571 563 634 vident
583 590 682 652 quam
703 575 851 636 actiones
873 579 906 634 et
927 575 1111 634 reactiones
1124 573 1237 634 mecha-

238 650 330 712 nicas
352 655 498 714 materiae
526 655 735 731 organisatae.
757 656 796 716 Et
825 652 910 725 ideo,
930 651 1025 731 juxta
1057 653 1157 730 ipsoS,
1176 654 1239 713 uni-

240 745 317 790 cum
338 739 388 792 est
408 734 604 794 sensationis
625 734 830 810 principium,
845 733 999 795 videlicet
1019 748 1075 793 res
1097 738 1237 807 externae,

241 824 317 888 quae
339 815 466 872 motum
487 812 660 890 impellunt
687 812 855 884 sensoriis,
879 817 914 874 et
944 811 1064 873 exinde
1097 811 1236 872 determi-

240 897 321 950 nant
341 891 375 952 in
396 891 529 953 homine
551 893 636 954 hane
657 895 928 966 immutationem,
945 908 1019 970 quae
1042 891 1159 954 dicitur
1177 907 1238 952 sen-

240 969 335 1030 satio.
357 972 405 1032 Ex
427 987 546 1046 crassa,
570 989 671 1051 quam
690 974 874 1046 instituunt,
897 973 1096 1033 sensationis
1117 973 1237 1050 analysi,

242 1051 391 1112 contueri
403 1058 575 1130 nequeunt
591 1053 766 1115 discrimen
788 1053 878 1131 quod
900 1053 1010 1114 existit
1030 1054 1116 1113 inter
1128 1058 1239 1112 motum

239 1130 467 1192 mechanicum
489 1136 522 1194 et
542 1134 777 1195 sensationem.

280 1209 346 1270 Sed
369 1213 520 1274 omnibus
543 1213 691 1290 pervium
713 1218 764 1275 est
784 1213 818 1272 in
839 1210 1028 1273 sensatione
1049 1211 1173 1285 nullam
1191 1225 1235 1269 re-

239 1290 341 1366 periri
352 1292 599 1354 translationem
615 1293 766 1368 partium,
783 1308 894 1368 neque
909 1292 1128 1368 proprietates
1142 1293 1237 1349 motus

240 1369 380 1430 inveniri
401 1387 500 1447 posse
524 1389 531 1432 :
554 1377 664 1434 motus
687 1374 774 1434 enim
797 1372 949 1434 contrarii
970 1370 1150 1442 eliduntur,
1173 1365 1238 1428 dum

241 1450 449 1510 sensationes
473 1453 642 1512 contrarie
675 1453 709 1523 in
740 1451 860 1515 eodem
891 1451 1041 1529 subJecto
1071 1448 1237 1512 consistere

240 1533 392 1606 possunt.
417 1533 518 1608 lgitur
538 1548 605 1593 non
628 1536 679 1594 est
700 1549 758 1594 cur
788 1536 822 1595 in
847 1532 910 1593 hoc
931 1534 1112 1610 systemate
1135 1527 1236 1590 coni·

242 1609 343 1670 tando
375 1611 598 1681 immoremur,
631 1611 797 1691 siquidem
828 1628 869 1672 ex
903 1617 1001 1672 antea
1031 1609 1179 1686 probatis
1205 1608 1238 1669 de

241 1690 447 1830 ῗίὀὲρὶίοιίῑεῑθ
479 1696 512 1752 et
532 1693 757 1770 spiritualitate
779 1692 878 1754 animi
898 1693 996 1769 plane
1018 1690 1177 1752 evertitur
1198 1688 1235 1767 (ll,
1285 1694 1286 1769 ᾖ

304 1772 351 1843 ‚l
379 1772 406 1843 l,
430 1775 518 1831 etc..

280 1847 312 1906 4⁰
335 1769 507 1918 cortesius)
523 1853 730 1914 sensationes
757 1867 848 1912 mere
876 1850 1075 1930 subjectivas
1106 1845 1194 1918 fecit,
1214 1852 1238 1907 et

239 1925 319 1988 inde
341 1933 410 1990 orta
433 1935 484 1991 est
507 1931 722 1993 celeberrima
744 1931 883 2009 quaestio
907 1930 948 1991 de
967 1933 1073 2006 pocta,
1097 1932 1134 1987 ut
1149 1929 1236 1996 aiunt,

235 2022 301 2068 seu
324 2006 365 2068 de
387 2009 487 2071 modo
510 2027 576 2088 quo
609 2028 650 2072 ex
680 2011 923 2073 sensationibus
954 2008 997 2070 ad
1018 2007 1237 2068 certitudinem
1285 2005 1287 2073 l

240 2086 423 2152 existentiae
446 2107 632 2168 corporum,
656 2106 732 2170 quae
753 2095 831 2152 sunt
859 2091 991 2172 objecta
1012 2091 1235 2159 sensationem,

240 2167 397 2230 devenire
418 2186 603 2246 possumus

278 2250 311 2309 5⁰
333 2250 482 2326 Denique
504 2251 596 2320 Reid,
621 2249 913 2329 Dugald·Stewart
944 2265 1018 2309 eum
1039 2248 1155 2308 schola
1175 2262 1235 2308 sco·
1284 2248 1285 2337 i

240 2325 317 2399 tica,
349 2330 400 2389 cui
430 2330 492 2390 hac
522 2332 555 2391 in
586 2347 621 2391 re
656 2331 856 2408 suffragatur
888 2327 1091 2405 Galluppius‚
1130 2326 1237 2388 docent
1284 2340 1285 2403 l

238 2409 274 2469 in
307 2410 397 2471 omni
427 2411 615 2473 sensatione
648 2412 794 2472 animum
825 2409 949 2470 directe
981 2412 1014 2468 et
1047 2407 1236 2478 immediate,
1284 2438 1285 2467 i

240 2503 362 2566 nempe
384 2490 456 2550 sine
478 2492 545 2553 ulla
566 2491 691 2566 specie,
715 2489 888 2570 percipere
911 2487 1110 2566 objectivam
1134 2502 1236 2562 corpo·
1284 2514 1286 2595 γ

239 2581 313 2628 rum
348 2569 542 2632 realitatem.
581 2571 647 2632 Sed
681 2572 734 2631 hic
765 2570 897 2630 ultimus
927 2566 1098 2628 contendit
1129 2582 1238 2626 nexum

240 2648 327 2708 inter
348 2652 596 2726 perceptionem
618 2657 650 2712 et
680 2651 864 2712 realitatem
894 2652 1064 2709 externam
1095 2663 1237 2707 necessa-

240 2729 325 2787 rium
349 2745 434 2803 esse,
459 2729 538 2790 dum
565 2731 692 2807 priores
723 2730 845 2792 docent
874 2729 1119 2803 impressionem
1148 2730 1236 2786 moto

240 2808 370 2877 realem,
393 2812 603 2871 sensationem
626 2815 659 2872 et
678 2811 890 2886 cognitionem
911 2811 1102 2868 constanter
1116 2806 1237 2884 conjun·
1283 2834 1285 2881 ς

240 2887 286 2967 gi,
308 2888 384 2948 licet
405 2891 493 2950 inter
513 2890 585 2968 ipsa
606 2903 674 2952 non
694 2894 736 2953 sit
756 2905 861 2951 nexus
875 2889 1095 2948 necessarius.
1113 2886 1236 2962 lmpres·
1283 2940 1284 2951 ,

240 2968 289 3030 sio
325 2971 512 3042 materialis
542 2972 636 3048 juxta
668 2971 751 3043 illos,
786 2975 837 3029 est
871 2967 1063 3028 mechanica
1096 2967 1235 3042 impulsio

231 3047 357 3126 ¹organi
379 3063 440 3123 per
460 3067 513 3112 res
535 3050 732 3122 exteriorem
756 3047 980 3109 sensationem
1000 3045 1123 3106 habent
1143 3051 1180 3104 ut
1198 3043 1234 3104 af-
1283 3056 1285 3114 t

237 3122 418 3190 lectionem
448 3135 576 3208 gratam
607 3131 659 3192 vel
690 3129 863 3209 ingratam,
896 3141 1017 3203 nempe
1047 3135 1085 3185 ut
1114 3140 1235 3184 sensum

238 3208 417 3285 voluptatis
437 3211 491 3270 vel
512 3209 632 3273 doloris
664 3208 738 3289 (seu
769 3209 972 3271 elementum
994 3201 1236 3281 paldotoqiccm)

240 3288 297 3368 qui
320 3304 361 3348 ex
381 3289 442 3350 hac
462 3291 659 3367 impulsione
690 3291 873 3368 promanat.
905 3285 1053 3364 Cognitio
1084 3299 1146 3346 seu
1170 3299 1233 3361 per·
1282 3296 1283 3347 1

240 3367 348 3444 ceptio
370 3368 498 3431 sensilis
529 3385 604 3447 quae
637 3371 862 3446 subsequitur,
885 3382 953 3426 non
976 3363 1234 3425 determinaretur
1282 3350 1283 3407 l

236 3457 260 3507 'a
280 3450 481 3519 sensatione,
505 3449 566 3510 sed
587 3467 605 3510 a
627 3451 697 3510 solo
719 3451 868 3510 instinctu
887 3451 1014 3506 iacturae
1033 3464 1044 3503 .·
1063 3447 1173 3521 itaque
1191 3447 1232 3504 in·

240 3529 292 3587 ter
311 3528 534 3588 sensationem
556 3533 589 3588 et.
609 3531 858 3604 perceptionem
878 3541 946 3585 non
968 3526 1056 3583 esset
1076 3538 1153 3584 vera
1171 3537 1232 3581 eon·
1282 3558 1283 3561 =

54 3645 79 3672 ,a
240 3605 351 3675 nexio,
375 3605 436 3665 sed
457 3621 546 3664 mera
571 3608 771 3667 consecutio.
795 3607 874 3666 Hinc
898 3605 929 3662 vi
956 3603 1057 3663 solius
1082 3604 1233 3662 instinctus
1282 3612 1284 3643 ὲ

54 3703 62 3738 r
81 3691 84 3744 ς
101 3725 117 3750 .,
156 3757 163 3762 Η
240 3689 380 3754 naturae,
406 3699 581 3759 corporum
598 3687 807 3746 ‘existentiam
829 3681 1067 3745 affirmaremus
1089 3679 1146 3758 (l).

159 3765 164 3773 ⁵
271 3775 308 3839 (1)
323 3769 389 3827 Vide
405 3773 582 3833 Sanseveriuo,
595 3779 721 3840 Dynam„
735 3793 794 3843 pars
807 3793 856 3842 sp„
870 3793 892 3826 c.
906 3775 939 3835 11,
953 3791 978 3824 a.
991 3775 1015 3824 7.
