2642 4209
233 310 431 354 narnativstaa
454 308 610 354 spectatis
628 327 667 337 -
680 308 896 354 Psvcvoxoots.
1010 279 1081 353 '167

249 465 253 474 '
337 475 360 525 Ι.
380 474 417 523 De
430 471 561 523 idealismo
574 474 800 525 transcendentali.

26 653 29 714 3
97 633 174 696 276.
197 633 450 694 -Emmanuel
480 635 576 708 Kant,
606 633 745 696 ineunte
779 637 930 712 prasenti
961 638 1078 698 seculo
1152 605 1157 612 Ι

58 729 161 774 suum
191 721 336 792 systema
368 715 454 775 circa
486 715 712 793 cognitionum
742 721 927 777 nostrarum
956 713 1074 779 funda-

58 800 175 855 menta
198 793 374 873 evulgavit.

101 874 206 953 Hujus
228 875 369 934 auctoris
390 877 537 952 systema
566 875 682 950 paucis
704 889 910 952 exponemus
933 895 941 936 ε

102 964 128 1022 l.
161 961 243 1022 Cum
277 961 413 1023 seientia
448 967 559 1025 nostra
589 961 711 1022 habeat
741 964 1021 1026 universalitatem
1043 967 1078 1025 et

59 1043 370 1110 immutabilitatem,
405 1041 477 1116 ipsa
510 1056 577 1101 non
611 1045 725 1117 potest
756 1044 869 1105 venire
904 1044 945 1105 ab
972 1059 1074 1118 expe-

60 1122 191 1193 rientia,
216 1120 311 1199 cujus
331 1120 463 1197 obiecta
484 1125 562 1181 sunt
593 1121 818 1198 contingentia
841 1129 874 1184 et
894 1124 1074 1186 mutabilia.

60 1203 176 1280 ltaque
203 1203 368 1262 elementa
381 1201 577 1263 universalia
593 1205 626 1261 et
639 1204 826 1263 necessaria
841 1210 918 1264 sunt
942 1204 982 1264 ab
1006 1205 1076 1278 ipsa

59 1285 182 1354 atrima,
198 1288 234 1342 ut
249 1282 365 1354 farinae
383 1281 505 1341 'nostrae
535 1280 740 1360 cognitionis.
774 1283 880 1356 Quare
911 1283 1076 1344 inordina

59 1360 103 1422 ad
126 1362 350 1439 cognitionem
384 1361 571 1430 humanam,
609 1357 813 1440 distinguere
847 1369 972 1440 oportet
1007 1368 1076 1424 tum

58 1442 252 1502 clementum
287 1457 308 1500 a
337 1443 456 1516 priori,
490 1455 551 1501 seu
579 1439 806 1511 intrinsecum,
830 1442 920 1519 quod
942 1459 984 1502 ex
1004 1444 1074 1504 solo

59 1521 212 1599 subjecto
249 1520 415 1598 cogitante
441 1521 598 1593 exsurgit,
623 1524 693 1580 tum
715 1522 906 1581 elementum
928 1539 950 1582 a
966 1530 1076 1599 posia-

58 1603 153 1673 riori,
186 1616 249 1660 seu
279 1601 512 1673 extrinsecum,
546 1598 636 1678 quod
658 1616 699 1663 ex
721 1601 861 1680 objectis
891 1617 966 1679 quae
997 1603 1075 1664 foris

59 1685 145 1752 sunt,
173 1679 355 1741 desumitur
379 1681 550 1756 :primum
574 1684 624 1740 est
643 1679 766 1754 forma,
782 1679 978 1754 secundum,
1001 1699 1072 1743 nta-

60 1763 143 1820 taria
166 1762 374 1838 cognitionis.
399 1759 435 1820 ld
456 1775 554 1820 omne
577 1759 667 1836 quod
688 1760 722 1819 in
744 1762 986 1838 cognitionibus
1000 1779 1074 1823 nos·

61 1842 116 1901 tris
132 1844 184 1901 est
205 1842 431 1901 necessarium
455 1843 487 1899 et
506 1839 704 1908 universale,
729 1848 854 1915 prestat
880 1839 984 1903 forma
1013 1859 1075 1903 seu

61 1922 264 1981 elementum
303 1919 543 1999 subjectivum;
588 1918 750 1996 quidquid
782 1927 832 1982 est
856 1922 1073 1995 accidentale,

60 2000 228 2072 mutabile,
253 2001 460 2078 contingens,
476 1997 667 2075 suppeditat
680 2002 817 2061 materia.
837 2017 898 2060 seu
926 2003 1073 2063 elemen-

60 2088 129 2142 tum
159 2080 370 2158 objectivum.
403 2081 523 2140 Formae
555 2079 675 2155 quibus
697 2078 911 2160 intelligimus
943 2082 1075 2162 objecta

61 2162 250 2238 apparentia
281 2175 340 2220 seu
368 2160 590 2236 phaenomena,
614 2165 773 2220 vocantur
799 2163 987 2236 comparia,-
1014 2163 1075 2224 illa·

60 2256 136 2302 vero
160 2241 280 2318 quibus
294 2239 505 2316 intelligimus
527 2239 657 2318 objecta
679 2239 894 2320 intelligibilia
915 2258 976 2302 seu
989 2259 1072 2302 noa-

60 2337 166 2394 ntcna,
184 2320 338 2380 dicuntur
357 2322 446 2380 ideae.
699 2380 701 2386 ,

99 2401 135 2460 lt.
158 2401 198 2460 At
216 2399 252 2460 in
273 2398 368 2459 nobis
389 2404 455 2459 tres
476 2400 685 2474 reperiuntur
704 2394 877 2461 facultates
900 2419 908 2460 ε
936 2401 1072 2461 sensibi-

59 2480 142 2550 litas,
164 2479 360 2548 intellectus
376 2479 476 2548 ratio,
500 2494 638 2556 quarum
668 2480 876 2554 operationes
905 2479 1073 2555 praedictis

62 2559 191 2621 duobus
212 2562 361 2620 constant
382 2558 564 2618 elementis.
593 2555 620 2616 1⁰
640 2558 695 2619 Vis
716 2558 880 2620 sentiendi
901 2575 1072 2635 represen-

32 2663 34 2670 ,
63 2640 195 2700 tationes
217 2637 356 2704 exhibet,
381 2653 456 2715 quae
478 2637 511 2696 in
534 2637 650 2697 ordine
683 2636 726 2698 ad
753 2638 943 2716 subjectum
974 2655 1069 2716 spec·

63 2724 133 2778 tata
155 2717 309 2779 dicuntur
320 2719 458 2778 visiones
480 2733 542 2777 seu
562 2719 747 2778 intuitiones
770 2720 947 2792 empirica·
967 2721 1001 2781 in
1016 2736 1069 2780 or·

64 2797 138 2860 dine
161 2798 203 2859 ad
225 2799 393 2875 objectum
414 2799 578 2874 inspecta,
603 2796 759 2857 dicuntur
780 2801 978 2872 apparentia
1011 2814 1072 2860 seu

60 2878 277 2954 ptaenamena.
310 2879 343 2936 ln
354 2875 623 2954 perceptionibus
636 2893 717 2952 pure
728 2877 949 2950 sensibilibus
966 2875 1072 2940 forma

64 2973 121 3017 seu
156 2958 357 3019 elementum
391 2973 483 3018 mere
517 2957 749 3036 subjectivum,
788 2961 839 3016 est
875 2960 904 3018 l⁰
929 2960 1072 3034 spatium

63 3053 190 3114 purum,
214 3037 325 3113 quoad
346 3036 653 3113 repraesentationes
675 3037 893 3097 sensibilitatis
917 3041 1069 3110 externa,

64 3122 96 3178 et
116 3119 148 3177 2⁰
169 3125 294 3192 tempas
314 3133 436 3194 purum
458 3121 491 3178 et
511 3114 730 3189 indefinitum,
767 3116 878 3193 quoad
911 3119 1072 3179 scissibili-

63 3202 159 3256 tatcnt
178 3199 351 3258 internam.

101 3277 131 3336 2⁰
151 3274 350 3352 Conceptus
374 3291 457 3353 quos
478 3271 596 3337 format
616 3275 804 3336 intellectus
825 3276 910 3337 circa
931 3275 1069 3351 phaeno-

64 3369 168 3428 mena,
201 3357 301 3417 etiam
334 3359 486 3417 constant
516 3357 653 3417 materia
686 3351 844 3415 etforma
869 3359 1072 3417 :materiam
1101 3399 1104 3405 »

66 3436 262 3496 constituunt
293 3436 482 3496 intuitiones
513 3436 685 3511 empirica,
708 3432 813 3495 forma
836 3438 915 3495 sunt
936 3434 1073 3512 quidam

67 3519 241 3592 conceptus
273 3515 348 3589 puri
383 3515 550 3592 planeque
586 3514 770 3594 subjectivi,
806 3529 868 3575 seu
902 3517 1073 3591 catepariae

66 3595 218 3656 lantianae
238 3593 313 3670 (45),
337 3609 407 3672 qua
427 3600 505 3656 sunt
526 3593 652 3672 obJecta
677 3609 695 3654 a
717 3593 817 3672 priori
850 3595 1072 3670 pneepttonis

68 3689 154 3751 purae
174 3675 417 3736 intellectualis.
