2642 4209
233 287 429 331 as'rxuursrca
450 282 606 331 suacium.
624 276 664 313 -’-
681 269 880 331 aossonocra.
1029 272 1067 332 cr

45 403 280 463 intellectivam
303 403 468 463 occultam
492 402 679 479 exquirunt,
704 417 764 477 per
791 400 952 459 malorum
977 401 1068 476 spiri-

46 491 143 541 tuum
173 481 330 541 influxum
366 483 523 559 explicari
543 481 726 560 generatim
741 481 873 541 debent.
895 480 1067 543 Manifeste

47 564 140 621 enim
155 561 189 621 hi
205 562 354 634 effectus
379 562 435 638 qui
450 562 564 621 saltem
580 576 647 621 non
666 565 743 620 sunt
765 564 977 636 apparentes,
1008 562 1070 623 sed

46 644 129 709 veri,
148 649 351 718 exsuperant
371 642 457 703 vires
471 642 638 701 naturales
653 641 877 717 subjectorum
907 656 925 699 e
948 641 1067 715 quibus

48 720 238 797 procedere
253 720 416 794 videntur,
435 727 468 780 et
482 720 600 781 exinde
618 722 756 797 agentia
778 718 818 778 ab
841 718 891 779 bis
912 720 1070 798 subjectis

50 800 205 861 distincta
222 800 335 877 eisque
349 801 450 879 longe
466 799 638 875 superiora
652 805 806 877 arguunt.
822 798 980 858 Praeterea
995 816 1069 859 cum

49 882 118 941 haec
141 897 245 956 opera
259 880 324 941 sint
338 882 533 957 plerumque
552 878 676 955 aliquid
700 880 817 940 directe
840 878 894 938 vel
917 880 1072 939 z'ndt'rectc

50 960 183 1031 malum,
206 962 369 1023 honestati
382 966 439 1019 aut
451 957 531 1019 fidei
551 960 760 1030 contrarium,
790 958 975 1017 nominibus
996 974 1070 1035 per-

51 1041 225 1113 niciosum,
241 1056 309 1099 non
324 1048 463 1116 possunt
476 1040 537 1099 nisi
556 1040 596 1099 ab
622 1046 744 1116 agente
766 1052 910 1113 nequam
933 1054 1068 1113 proma-

53 1133 148 1177 acre.
1001 1130 1026 1155 ’κ

91 1200 228 1274 Agimus
255 1196 296 1258 de
319 1198 491 1258 effectibus
507 1194 564 1273 qui
583 1212 688 1259 causae
709 1196 911 1256 intellectiva
937 1197 1071 1257 occulta

52 1275 214 1337 influxuur
238 1278 384 1353 exigunt,
408 1278 528 1337 relictis
550 1277 702 1337 omnibus
729 1275 1003 1351 disputationibus
1029 1275 1071 1335 de

52 1355 154 1418 fluido
177 1358 364 1436 magnetico
380 1356 530 1417 naturali.
555 1355 596 1415 de
612 1357 758 1431 potentia
773 1355 900 1413 occulta
916 1370 977 1414 seu
991 1372 1071 1415 non·

54 1435 129 1495 dum
154 1436 232 1513 satis
255 1436 424 1511 explorata
445 1437 630 1513 systematis
644 1436 770 1501 nervat,
787 1438 851 1493 etc.

95 1516 164 1576 104.
182 1548 221 1557 -
235 1516 475 1576 Mtracutoram
498 1516 635 1589 cognitio
661 1520 689 1573 ct
714 1516 818 1574 crisis.
846 1514 876 1572 l⁰
900 1513 1072 1573 Criteriam

54 1596 192 1670 aliquod
211 1600 255 1654 est
270 1596 498 1655 necessaracm.
516 1593 594 1655 Cum
608 1594 706 1655 homo
721 1609 837 1653 omnes
854 1592 940 1653 vires
951 1598 1073 1652 naturae

54 1682 170 1735 creata
189 1680 222 1733 et
234 1678 412 1751 prasertim
429 1674 621 1750 angelorum
636 1676 787 1734 virtutem
809 1689 876 1732 non
897 1671 1073 1748 adaequate

55 1760 248 1831 cognoscat,
272 1753 449 1831 aliquando
466 1753 634 1831 ambigere
650 1760 759 1828 potest
772 1759 878 1812 utrum
904 1760 987 1827 opus
1013 1751 1071 1810 ali-

54 1832 146 1909 quod
160 1834 308 1893 mirabile
331 1835 581 1909 supernaturale
606 1835 647 1893 sit
667 1833 721 1893 vel
745 1832 1013 1907 praeternaturale
1039 1828 1074 1890 in

53 1928 157 1973 sensu
180 1914 358 1988 explicato;
376 1912 525 1973 dubitare
548 1930 628 1989 ergo
655 1918 763 1987 potest
784 1929 860 1971 num
886 1909 970 1971 facta
995 1924 1071 1987 quae

54 1992 129 2070 ejus
144 1996 277 2068 captum
302 2000 514 2067 exsuperant,
538 1996 602 2053 sint
616 1992 773 2051 miracula
787 1990 919 2067 proprie
937 1989 1023 2049 dicta
1032 2005 1073 2048 ac

52 2071 196 2147 proinde
212 2089 231 2131 a
247 2074 316 2132 Deo
341 2072 471 2143 effecta,
496 2088 538 2131 an
562 2088 580 2132 a
603 2071 770 2147 spiritibus
793 2073 906 2131 visua
932 2067 1071 2130 naturali

52 2152 271 2228 operantibus
282 2152 474 2227 procedant.
488 2152 696 2226 Quapropter
707 2168 749 2211 ne
763 2148 943 2211 damonum
956 2149 1072 2209 fraude

53 2226 249 2306 decipiatur,
265 2231 361 2291 homo
385 2229 581 2307 quibusdam
598 2230 734 2290 criteriis
754 2231 802 2289 uti
825 2229 925 2289 debet
939 2229 982 2290 ad
994 2244 1073 2291 vera

52 2311 212 2371 miracula
227 2326 246 2370 a
259 2308 349 2370 falsis
371 2309 587 2370 secernenda.
1079 2310 1082 2314 ’

92 2391 126 2448 2⁰
146 2386 356 2451 Hact'ndicta
368 2390 529 2451 asciscat
544 2390 642 2449 ettam
663 2391 708 2449 ad
729 2389 971 2449 decernendum
993 2403 1073 2460 opus

53 2469 208 2529 rittrabc'te
223 2472 396 2529 exvirtute
422 2470 571 2531 natarali
591 2468 750 2527 donarant
769 2470 944 2541 spiriteum
970 2466 1072 2540 prost-

54 2549 184 2620 ctsceas,
203 2566 225 2607 o
236 2549 410 2623 praestigiis
424 2550 615 2609 damonum.
639 2546 721 2607 Boni
742 2550 828 2607 enim
853 2545 974 2622 angeli,
999 2560 1073 2603 cum

54 2630 89 2689 in
110 2628 264 2689 omnibus
291 2629 366 2701 Deo
389 2630 453 2688 sint
474 2625 624 2704 subjecti,
656 2634 756 2703 atque
783 2626 950 2685 hominurn
979 2624 1073 2685 saluti

56 2722 191 2781 semper
204 2706 348 2774 faveant,
363 2706 444 2767 nibil
459 2704 589 2767 efficere
605 2714 743 2781 possunt
758 2704 848 2782 quod
866 2704 909 2765 ad
923 2703 984 2764 Dei
997 2704 1072 2781 glo-

55 2787 137 2845 riarn
151 2787 392 2863 hominumque
407 2788 548 2847 salutern
563 2800 629 2845 non
644 2785 834 2845 reducatur.
851 2786 946 2844 Fines
972 2783 1073 2859 igitur

56 2881 196 2939 operum
212 2866 339 2927 abonis
354 2865 480 2944 angelis
497 2869 699 2941 patratorum
712 2881 780 2925 non
800 2868 852 2923 est
879 2864 1029 2925 diversus
1052 2879 1072 2923 a

56 2943 121 3005 fine
151 2947 386 3007 miraculorum
413 2946 545 3021 proprie
572 2944 749 3015 dictorum;
783 2943 928 3021 ideoque
962 2944 1073 3003 eidem

58 3025 202 3097 criterio,
219 3024 311 3103 quod
324 3025 503 3102 prasertim
518 3028 581 3084 stat
594 3023 628 3082 in
643 3023 719 3097 fine,
736 3023 887 3103 subjecta
902 3029 980 3083 sunt
1005 3023 1073 3083 haeo

56 3120 169 3181 opera.

97 3185 128 3244 3⁰
143 3185 228 3244 Nota
241 3183 401 3259 generalis
417 3200 483 3257 qao
497 3183 696 3243 miraculum
708 3200 821 3243 ceram
835 3200 857 3241 a
871 3181 956 3249 falso
976 3183 1071 3242 indc-

57 3262 106 3322 bc'e
125 3263 340 3337 dignoscitor,
359 3268 421 3324 stat
440 3262 650 3323 inhonestate
669 3268 697 3323 et
713 3278 791 3321 ‘cera
808 3261 1070 3337 supernaturali-

57 3358 119 3415 quc
133 3342 274 3403 actitatam
288 3345 372 3415 sacti
393 3341 566 3401 mirabitis.
593 3342 679 3400 Finis
696 3341 844 3401 miraculi
860 3342 928 3401 veri
949 3340 998 3419 (ll,
1020 3342 1071 3406 96.

56 3418 107 3496 97)
120 3420 260 3481 ultimus
283 3422 318 3482 in
332 3422 436 3498 gloria
450 3422 511 3480 Dei
529 3421 753 3495 promovenda
773 3423 946 3497 saluteque
961 3421 1069 3481 homi·

59 3516 138 3559 num
159 3501 384 3577 comparanda
399 3502 598 3573 continetur,
616 3504 650 3560 et
667 3500 785 3560 exinde
804 3499 887 3561 finos
902 3501 1072 3561 immedia-

59 3579 83 3639 ti
95 3586 346 3657 nequeuntnon
366 3580 596 3643 consisterem
620 3581 797 3640 honestate
820 3598 858 3640 ac
875 3586 1071 3657 supernatu-

59 3660 117 3720 rali
130 3660 272 3722 utilitate
288 3659 398 3739 operis
418 3659 575 3723 mirabilis
593 3679 600 3721 :
624 3662 657 3721 et
671 3659 795 3721 utilitas
813 3662 1071 3738 supernaturalis
