<?xml version="1.0" encoding="UTF-8"?>
<!DOCTYPE html PUBLIC "-//W3C//DTD XHTML 1.0 Transitional//EN"
    "http://www.w3.org/TR/xhtml1/DTD/xhtml1-transitional.dtd">
<html xmlns="http://www.w3.org/1999/xhtml" xml:lang="en" lang="en">
 <head>
  <title>
</title>
<meta http-equiv="Content-Type" content="text/html;charset=utf-8" />
  <meta name='ocr-system' content='tesseract 3.04.00' />
  <meta name='ocr-capabilities' content='ocr_page ocr_carea ocr_par ocr_line ocrx_word'/>
</head>
<body>
  <div class='ocr_page' id='page_1' title='image "./brevariumphilos02grangoog_0298.png"; bbox 0 0 2642 4209; ppageno 0'>
   <div class='ocr_carea' id='block_1_1' title="bbox 246 213 963 275">
    <p class='ocr_par' dir='ltr' id='par_1_1' title="bbox 246 213 963 275">
     <span class='ocr_line' id='line_1_1' title="bbox 246 213 963 275; baseline -0.003 -1"><span class='ocrx_word' id='word_1_1' title='bbox 246 213 307 274; x_wconf 74' lang='lat'>284</span> <span class='ocrx_word' id='word_1_2' title='bbox 558 230 739 275; x_wconf 81' lang='grc'><strong>1111111111</strong></span> <span class='ocrx_word' id='word_1_3' title='bbox 782 226 963 272; x_wconf 79' lang='lat' dir='ltr'>nnosornna</span> 
     </span>
    </p>
   </div>
   <div class='ocr_carea' id='block_1_2' title="bbox 242 340 1303 1478">
    <p class='ocr_par' dir='ltr' id='par_1_2' title="bbox 242 340 1303 1478">
     <span class='ocr_line' id='line_1_2' title="bbox 277 340 1175 413; baseline -0.003 -13"><span class='ocrx_word' id='word_1_4' title='bbox 277 341 505 400; x_wconf 77' lang='lat' dir='ltr'><em>Fundamenta</em></span> <span class='ocrx_word' id='word_1_5' title='bbox 532 344 724 413; x_wconf 76' lang='lat' dir='ltr'><strong><em>systematis.</em></strong></span> <span class='ocrx_word' id='word_1_6' title='bbox 756 341 1004 400; x_wconf 85' lang='lat' dir='ltr'>Traditionalistae</span> <span class='ocrx_word' id='word_1_7' title='bbox 1034 340 1072 397; x_wconf 89' lang='lat' dir='ltr'>ad</span> <span class='ocrx_word' id='word_1_8' title='bbox 1098 340 1175 397; x_wconf 81' lang='lat' dir='ltr'>faeta</span> 
     </span>
     <span class='ocr_line' id='line_1_3' title="bbox 242 414 1175 487; baseline -0.004 -16"><span class='ocrx_word' id='word_1_9' title='bbox 242 418 387 487; x_wconf 82' lang='lat' dir='ltr'>perpetuo</span> <span class='ocrx_word' id='word_1_10' title='bbox 395 420 562 486; x_wconf 84' lang='lat' dir='ltr'>provocant</span> <span class='ocrx_word' id='word_1_11' title='bbox 577 415 612 471; x_wconf 88' lang='lat' dir='ltr'>ab</span> <span class='ocrx_word' id='word_1_12' title='bbox 627 417 636 469; x_wconf 91' lang='grc'>1</span> <span class='ocrx_word' id='word_1_13' title='bbox 659 416 700 470; x_wconf 90' lang='lat' dir='ltr'>sis</span> <span class='ocrx_word' id='word_1_14' title='bbox 715 419 815 470; x_wconf 90' lang='lat' dir='ltr'>tamen</span> <span class='ocrx_word' id='word_1_15' title='bbox 829 426 937 484; x_wconf 87' lang='lat' dir='ltr'>parum</span> <span class='ocrx_word' id='word_1_16' title='bbox 951 415 1019 483; x_wconf 85' lang='lat' dir='ltr'>apte</span> <span class='ocrx_word' id='word_1_17' title='bbox 1035 414 1175 483; x_wconf 62' lang='lat' dir='ltr'>inspecta</span> 
     </span>
     <span class='ocr_line' id='line_1_4' title="bbox 244 431 1175 556; baseline -0.004 -14"><span class='ocrx_word' id='word_1_18' title='bbox 244 487 308 542; x_wconf 85' lang='lat' dir='ltr'>sola</span> <span class='ocrx_word' id='word_1_19' title='bbox 322 486 402 540; x_wconf 85' lang='lat' dir='ltr'>enim</span> <span class='ocrx_word' id='word_1_20' title='bbox 416 486 566 541; x_wconf 85' lang='lat' dir='ltr'>factorum</span> <span class='ocrx_word' id='word_1_21' title='bbox 580 431 711 556; x_wconf 57' lang='lat' dir='ltr'>anafysis</span> <span class='ocrx_word' id='word_1_22' title='bbox 730 484 860 540; x_wconf 80' lang='lat' dir='ltr'>destruit</span> <span class='ocrx_word' id='word_1_23' title='bbox 878 486 1089 553; x_wconf 80' lang='lat' dir='ltr'>argumentum</span> <span class='ocrx_word' id='word_1_24' title='bbox 1102 486 1175 539; x_wconf 86' lang='lat' dir='ltr'>Tra·</span> 
     </span>
     <span class='ocr_line' id='line_1_5' title="bbox 244 556 1252 613; baseline -0.001 0"><span class='ocrx_word' id='word_1_25' title='bbox 244 556 441 613; x_wconf 85' lang='lat' dir='ltr'>ditionalium.</span> <span class='ocrx_word' id='word_1_26' title='bbox 1208 558 1252 612; x_wconf 83' lang='lat' dir='ltr'>m</span> 
     </span>
     <span class='ocr_line' id='line_1_6' title="bbox 278 624 1174 697; baseline -0.003 -15"><span class='ocrx_word' id='word_1_27' title='bbox 278 628 402 683; x_wconf 78' lang='lat' dir='ltr'>Dirceta</span> <span class='ocrx_word' id='word_1_28' title='bbox 424 627 605 697; x_wconf 75' lang='lat' dir='ltr'>systematis</span> <span class='ocrx_word' id='word_1_29' title='bbox 625 625 812 695; x_wconf 71' lang='lat' dir='ltr'>confutatio.</span> <span class='ocrx_word' id='word_1_30' title='bbox 833 628 952 681; x_wconf 73' lang='lat' dir='ltr'>Transis.</span> <span class='ocrx_word' id='word_1_31' title='bbox 977 628 996 681; x_wconf 89' lang='lat' dir='ltr'>l.</span> <span class='ocrx_word' id='word_1_32' title='bbox 1023 624 1174 681; x_wconf 85' lang='lat' dir='ltr'>ldeornm</span> 
     </span>
     <span class='ocr_line' id='line_1_7' title="bbox 243 696 1174 768; baseline -0.004 -13"><span class='ocrx_word' id='word_1_33' title='bbox 243 697 481 755; x_wconf 82' lang='lat' dir='ltr'>uniuersalium</span> <span class='ocrx_word' id='word_1_34' title='bbox 496 698 624 768; x_wconf 80' lang='lat' dir='ltr'>adeptio</span> <span class='ocrx_word' id='word_1_35' title='bbox 639 714 656 752; x_wconf 92' lang='lat' dir='ltr'>e</span> <span class='ocrx_word' id='word_1_36' title='bbox 670 712 815 753; x_wconf 84' lang='lat' dir='ltr'>sermone</span> <span class='ocrx_word' id='word_1_37' title='bbox 836 697 978 753; x_wconf 81' lang='lat' dir='ltr'>absolute</span> <span class='ocrx_word' id='word_1_38' title='bbox 993 698 1022 751; x_wconf 90' lang='lat' dir='ltr'>et</span> <span class='ocrx_word' id='word_1_39' title='bbox 1043 696 1174 766; x_wconf 81' lang='lat' dir='ltr'>physice</span> 
     </span>
     <span class='ocr_line' id='line_1_8' title="bbox 244 766 1173 840; baseline -0.005 -14"><span class='ocrx_word' id='word_1_40' title='bbox 244 784 312 826; x_wconf 92' lang='lat' dir='ltr'>non</span> <span class='ocrx_word' id='word_1_41' title='bbox 333 769 462 840; x_wconf 84' lang='lat' dir='ltr'>pendet,</span> <span class='ocrx_word' id='word_1_42' title='bbox 488 783 557 823; x_wconf 89' lang='lat' dir='ltr'>nam</span> <span class='ocrx_word' id='word_1_43' title='bbox 587 768 704 838; x_wconf 77' lang='lat' dir='ltr'>loquela</span> <span class='ocrx_word' id='word_1_44' title='bbox 727 770 845 823; x_wconf 88' lang='lat' dir='ltr'>constat</span> <span class='ocrx_word' id='word_1_45' title='bbox 874 767 967 838; x_wconf 88' lang='lat' dir='ltr'>signis</span> <span class='ocrx_word' id='word_1_46' title='bbox 994 766 1173 838; x_wconf 85' lang='lat' dir='ltr'>arbitrariis,</span> 
     </span>
     <span class='ocr_line' id='line_1_9' title="bbox 242 838 1174 911; baseline -0.002 -16"><span class='ocrx_word' id='word_1_47' title='bbox 242 854 312 911; x_wconf 86' lang='lat' dir='ltr'>quae</span> <span class='ocrx_word' id='word_1_48' title='bbox 325 839 504 895; x_wconf 85' lang='lat' dir='ltr'>subaudiunt</span> <span class='ocrx_word' id='word_1_49' title='bbox 518 854 583 895; x_wconf 88' lang='lat' dir='ltr'>rem</span> <span class='ocrx_word' id='word_1_50' title='bbox 595 839 790 909; x_wconf 86' lang='lat' dir='ltr'>significatam</span> <span class='ocrx_word' id='word_1_51' title='bbox 805 853 858 893; x_wconf 88' lang='lat' dir='ltr'>seu</span> <span class='ocrx_word' id='word_1_52' title='bbox 870 839 962 894; x_wconf 81' lang='lat' dir='ltr'>ideas</span> <span class='ocrx_word' id='word_1_53' title='bbox 980 838 1081 893; x_wconf 83' lang='lat' dir='ltr'>Corot.</span> <span class='ocrx_word' id='word_1_54' title='bbox 1097 840 1174 907; x_wconf 82' lang='lat' dir='ltr'>Ergo</span> 
     </span>
     <span class='ocr_line' id='line_1_10' title="bbox 244 908 1174 981; baseline -0.004 -14"><span class='ocrx_word' id='word_1_55' title='bbox 244 925 342 967; x_wconf 82' lang='lat' dir='ltr'>sermo</span> <span class='ocrx_word' id='word_1_56' title='bbox 361 911 410 966; x_wconf 89' lang='lat' dir='ltr'>hic</span> <span class='ocrx_word' id='word_1_57' title='bbox 422 911 526 966; x_wconf 87' lang='lat' dir='ltr'>haberi</span> <span class='ocrx_word' id='word_1_58' title='bbox 540 912 643 981; x_wconf 90' lang='lat' dir='ltr'>nequit</span> <span class='ocrx_word' id='word_1_59' title='bbox 657 912 720 965; x_wconf 82' lang='lat' dir='ltr'>sive</span> <span class='ocrx_word' id='word_1_60' title='bbox 735 913 770 965; x_wconf 89' lang='lat' dir='ltr'>ut</span> <span class='ocrx_word' id='word_1_61' title='bbox 788 924 877 965; x_wconf 90' lang='lat' dir='ltr'>causa</span> <span class='ocrx_word' id='word_1_62' title='bbox 897 908 1038 979; x_wconf 76' lang='grc'><strong>61161616,</strong></span> <span class='ocrx_word' id='word_1_63' title='bbox 1058 908 1123 965; x_wconf 82' lang='lat' dir='ltr'>sive</span> <span class='ocrx_word' id='word_1_64' title='bbox 1142 911 1174 963; x_wconf 91' lang='lat' dir='ltr'>ut</span> 
     </span>
     <span class='ocr_line' id='line_1_11' title="bbox 242 980 1177 1052; baseline -0.002 -15"><span class='ocrx_word' id='word_1_65' title='bbox 242 982 374 1038; x_wconf 89' lang='lat' dir='ltr'>conditio</span> <span class='ocrx_word' id='word_1_66' title='bbox 388 983 564 1037; x_wconf 89' lang='lat' dir='ltr'>necessaria.</span> <span class='ocrx_word' id='word_1_67' title='bbox 582 982 684 1037; x_wconf 80' lang='lat' dir='ltr'>Senot.</span> <span class='ocrx_word' id='word_1_68' title='bbox 700 981 829 1052; x_wconf 84' lang='lat' dir='ltr'>Loquela</span> <span class='ocrx_word' id='word_1_69' title='bbox 844 984 944 1037; x_wconf 87' lang='lat' dir='ltr'>tamen</span> <span class='ocrx_word' id='word_1_70' title='bbox 954 984 1000 1035; x_wconf 85' lang='lat' dir='ltr'>est</span> <span class='ocrx_word' id='word_1_71' title='bbox 1015 980 1102 1035; x_wconf 88' lang='lat' dir='ltr'>valde</span> <span class='ocrx_word' id='word_1_72' title='bbox 1116 980 1177 1035; x_wconf 88' lang='lat' dir='ltr'>uti-</span> 
     </span>
     <span class='ocr_line' id='line_1_12' title="bbox 243 1052 1250 1109; baseline 0.002 -2"><span class='ocrx_word' id='word_1_73' title='bbox 243 1052 280 1108; x_wconf 88' lang='lat' dir='ltr'>lis</span> <span class='ocrx_word' id='word_1_74' title='bbox 294 1052 332 1108; x_wconf 90' lang='lat' dir='ltr'>ad</span> <span class='ocrx_word' id='word_1_75' title='bbox 345 1054 453 1108; x_wconf 88' lang='lat' dir='ltr'>mentis</span> <span class='ocrx_word' id='word_1_76' title='bbox 468 1054 676 1107; x_wconf 78' lang='lat' dir='ltr'>evolutionem.</span> <span class='ocrx_word' id='word_1_77' title='bbox 1207 1054 1250 1109; x_wconf 89' lang='grc'>171</span> 
     </span>
     <span class='ocr_line' id='line_1_13' title="bbox 278 1123 1173 1195; baseline -0.003 -16"><span class='ocrx_word' id='word_1_78' title='bbox 278 1125 388 1180; x_wconf 75' lang='lat' dir='ltr'>Tussis</span> <span class='ocrx_word' id='word_1_79' title='bbox 402 1125 432 1178; x_wconf 93' lang='lat' dir='ltr'>ll.</span> <span class='ocrx_word' id='word_1_80' title='bbox 450 1123 554 1179; x_wconf 88' lang='lat' dir='ltr'>Homo</span> <span class='ocrx_word' id='word_1_81' title='bbox 569 1123 712 1195; x_wconf 84' lang='lat' dir='ltr'>aliquam</span> <span class='ocrx_word' id='word_1_82' title='bbox 728 1123 892 1177; x_wconf 86' lang='lat' dir='ltr'>veritatem</span> <span class='ocrx_word' id='word_1_83' title='bbox 911 1136 1095 1193; x_wconf 77' lang='lat' dir='ltr'>cognoscere</span> <span class='ocrx_word' id='word_1_84' title='bbox 1113 1135 1173 1191; x_wconf 85' lang='lat' dir='ltr'>po-</span> 
     </span>
     <span class='ocr_line' id='line_1_14' title="bbox 242 1193 1302 1265; baseline -0.005 -17"><span class='ocrx_word' id='word_1_85' title='bbox 242 1198 301 1250; x_wconf 91' lang='lat' dir='ltr'>test</span> <span class='ocrx_word' id='word_1_86' title='bbox 314 1195 439 1249; x_wconf 80' lang='lat' dir='ltr'>viribus</span> <span class='ocrx_word' id='word_1_87' title='bbox 452 1195 606 1264; x_wconf 81' lang='lat' dir='ltr'>propriis,</span> <span class='ocrx_word' id='word_1_88' title='bbox 624 1208 733 1265; x_wconf 83' lang='lat' dir='ltr'>nempe</span> <span class='ocrx_word' id='word_1_89' title='bbox 753 1195 823 1249; x_wconf 84' lang='lat' dir='ltr'>sine</span> <span class='ocrx_word' id='word_1_90' title='bbox 843 1193 967 1249; x_wconf 83' lang='lat' dir='ltr'>auxilio</span> <span class='ocrx_word' id='word_1_91' title='bbox 983 1193 1103 1249; x_wconf 78' lang='lat' dir='ltr'>diuinae</span> <span class='ocrx_word' id='word_1_92' title='bbox 1122 1208 1172 1247; x_wconf 85' lang='lat' dir='ltr'>re·</span> <span class='ocrx_word' id='word_1_93' title='bbox 1301 1240 1302 1243; x_wconf 74' lang='grc'>,</span> 
     </span>
     <span class='ocr_line' id='line_1_15' title="bbox 242 1246 1303 1433; baseline -0.001 -113"><span class='ocrx_word' id='word_1_94' title='bbox 242 1264 411 1321; x_wconf 81' lang='lat' dir='ltr'>velationis</span> <span class='ocrx_word' id='word_1_95' title='bbox 425 1281 522 1334; x_wconf 81' lang='lat' dir='ltr'>qnam</span> <span class='ocrx_word' id='word_1_96' title='bbox 546 1266 677 1321; x_wconf 81' lang='lat' dir='ltr'>traditio</span> <span class='ocrx_word' id='word_1_97' title='bbox 697 1265 936 1320; x_wconf 77' lang='lat' dir='ltr'>transmitteret.</span> <span class='ocrx_word' id='word_1_98' title='bbox 958 1267 1048 1319; x_wconf 83' lang='lat' dir='ltr'>Saeua</span> <span class='ocrx_word' id='word_1_99' title='bbox 1071 1265 1100 1319; x_wconf 85' lang='lat'>1⁰</span> <span class='ocrx_word' id='word_1_100' title='bbox 1122 1278 1173 1329; x_wconf 64' lang='lat' dir='ltr'>so:</span> <span class='ocrx_word' id='word_1_101' title='bbox 1300 1246 1303 1433; x_wconf 46' lang='grc'>1</span> 
     </span>
     <span class='ocr_line' id='line_1_16' title="bbox 243 1334 1174 1392; baseline -0.003 -1"><span class='ocrx_word' id='word_1_102' title='bbox 243 1336 360 1392; x_wconf 87' lang='lat' dir='ltr'>eietatis</span> <span class='ocrx_word' id='word_1_103' title='bbox 379 1337 583 1392; x_wconf 89' lang='lat' dir='ltr'>testimonium</span> <span class='ocrx_word' id='word_1_104' title='bbox 613 1338 693 1391; x_wconf 86' lang='lat' dir='ltr'>esset</span> <span class='ocrx_word' id='word_1_105' title='bbox 719 1336 840 1391; x_wconf 90' lang='lat' dir='ltr'>unicum</span> <span class='ocrx_word' id='word_1_106' title='bbox 858 1336 995 1391; x_wconf 85' lang='lat' dir='ltr'>veritatis</span> <span class='ocrx_word' id='word_1_107' title='bbox 1019 1334 1174 1391; x_wconf 79' lang='lat' dir='ltr'>criterium</span> 
     </span>
     <span class='ocr_line' id='line_1_17' title="bbox 243 1404 1175 1478; baseline -0.008 -12"><span class='ocrx_word' id='word_1_108' title='bbox 243 1408 383 1466; x_wconf 88' lang='lat' dir='ltr'>-nullus</span> <span class='ocrx_word' id='word_1_109' title='bbox 393 1420 480 1462; x_wconf 90' lang='lat' dir='ltr'>error</span> <span class='ocrx_word' id='word_1_110' title='bbox 489 1407 641 1463; x_wconf 88' lang='lat' dir='ltr'>emendari</span> <span class='ocrx_word' id='word_1_111' title='bbox 651 1410 898 1478; x_wconf 88' lang='lat' dir='ltr'>posset‚—mens</span> <span class='ocrx_word' id='word_1_112' title='bbox 908 1408 1037 1461; x_wconf 90' lang='lat' dir='ltr'>humana</span> <span class='ocrx_word' id='word_1_113' title='bbox 1047 1404 1085 1460; x_wconf 85' lang='lat' dir='ltr'>ad</span> <span class='ocrx_word' id='word_1_114' title='bbox 1094 1418 1175 1459; x_wconf 89' lang='lat' dir='ltr'>erro·</span> 
     </span>
    </p>
   </div>
   <div class='ocr_carea' id='block_1_3' title="bbox 241 1475 1251 1760">
    <p class='ocr_par' dir='ltr' id='par_1_3' title="bbox 241 1475 1305 1809">
     <span class='ocr_line' id='line_1_18' title="bbox 242 1475 1174 1549; baseline -0.002 -16"><span class='ocrx_word' id='word_1_115' title='bbox 242 1492 306 1534; x_wconf 88' lang='grc'><strong>1611</strong></span> <span class='ocrx_word' id='word_1_116' title='bbox 320 1479 496 1533; x_wconf 79' lang='lat' dir='ltr'>necessitate</span> <span class='ocrx_word' id='word_1_117' title='bbox 510 1478 634 1548; x_wconf 83' lang='lat' dir='ltr'>physica</span> <span class='ocrx_word' id='word_1_118' title='bbox 647 1476 884 1549; x_wconf 85' lang='lat' dir='ltr'>compelleretur.</span> <span class='ocrx_word' id='word_1_119' title='bbox 904 1481 936 1532; x_wconf 83' lang='lat'>2⁰</span> <span class='ocrx_word' id='word_1_120' title='bbox 951 1480 1055 1533; x_wconf 86' lang='grc'><strong>861116</strong></span> <span class='ocrx_word' id='word_1_121' title='bbox 1069 1475 1174 1546; x_wconf 84' lang='lat' dir='ltr'>nequit</span> 
     </span>
     <span class='ocr_line' id='line_1_19' title="bbox 241 1546 1174 1619; baseline -0.004 -15"><span class='ocrx_word' id='word_1_122' title='bbox 241 1548 366 1617; x_wconf 84' lang='lat' dir='ltr'>intelligi</span> <span class='ocrx_word' id='word_1_123' title='bbox 380 1549 438 1603; x_wconf 90' lang='lat' dir='ltr'>nisi</span> <span class='ocrx_word' id='word_1_124' title='bbox 451 1549 487 1604; x_wconf 87' lang='lat' dir='ltr'>ab</span> <span class='ocrx_word' id='word_1_125' title='bbox 503 1562 538 1605; x_wconf 89' lang='lat' dir='ltr'>eo</span> <span class='ocrx_word' id='word_1_126' title='bbox 553 1551 604 1619; x_wconf 89' lang='lat' dir='ltr'>qui</span> <span class='ocrx_word' id='word_1_127' title='bbox 619 1550 683 1617; x_wconf 76' lang='lat' dir='ltr'>Jam</span> <span class='ocrx_word' id='word_1_128' title='bbox 698 1550 779 1604; x_wconf 86' lang='lat' dir='ltr'>ideas</span> <span class='ocrx_word' id='word_1_129' title='bbox 792 1549 891 1603; x_wconf 90' lang='lat' dir='ltr'>habet.</span> <span class='ocrx_word' id='word_1_130' title='bbox 908 1548 1010 1604; x_wconf 84' lang='lat' dir='ltr'>Corol.</span> <span class='ocrx_word' id='word_1_131' title='bbox 1026 1546 1174 1604; x_wconf 84' lang='lat' dir='ltr'>Traditio-</span> 
     </span>
     <span class='ocr_line' id='line_1_20' title="bbox 242 1617 1173 1689; baseline -0.004 -14"><span class='ocrx_word' id='word_1_132' title='bbox 242 1619 384 1676; x_wconf 87' lang='lat' dir='ltr'>nalismus</span> <span class='ocrx_word' id='word_1_133' title='bbox 394 1620 537 1689; x_wconf 86' lang='lat' dir='ltr'>importat</span> <span class='ocrx_word' id='word_1_134' title='bbox 550 1621 754 1675; x_wconf 83' lang='lat' dir='ltr'>confusionem</span> <span class='ocrx_word' id='word_1_135' title='bbox 764 1621 843 1677; x_wconf 86' lang='lat' dir='ltr'>inter</span> <span class='ocrx_word' id='word_1_136' title='bbox 858 1618 992 1675; x_wconf 88' lang='lat' dir='ltr'>ordinem</span> <span class='ocrx_word' id='word_1_137' title='bbox 1006 1617 1173 1675; x_wconf 84' lang='lat' dir='ltr'>naturalem</span> 
     </span>
     <span class='ocr_line' id='line_1_21' title="bbox 241 1688 1251 1760; baseline -0.004 -14"><span class='ocrx_word' id='word_1_138' title='bbox 241 1691 415 1747; x_wconf 83' lang='lat' dir='ltr'>etordinem</span> <span class='ocrx_word' id='word_1_139' title='bbox 428 1691 694 1760; x_wconf 84' lang='lat' dir='ltr'>supernaturalem.</span> <span class='ocrx_word' id='word_1_140' title='bbox 1206 1688 1251 1743; x_wconf 84' lang='lat'>175</span> 
     </span>
    </p>
   </div>
   <div class='ocr_carea' id='block_1_4' title="bbox 235 1758 1306 3680">
    <p class='ocr_par' dir='ltr' id='par_1_4' title="bbox 276 1758 1162 1833">
     <span class='ocr_line' id='line_1_22' title="bbox 276 1758 1162 1833; baseline -0.006 -15"><span class='ocrx_word' id='word_1_141' title='bbox 276 1764 385 1818; x_wconf 81' lang='lat' dir='ltr'>&#39;laesis</span> <span class='ocrx_word' id='word_1_142' title='bbox 399 1763 442 1816; x_wconf 94' lang='lat' dir='ltr'>lll.</span> <span class='ocrx_word' id='word_1_143' title='bbox 459 1763 570 1817; x_wconf 77' lang='lat' dir='ltr'>Sermo</span> <span class='ocrx_word' id='word_1_144' title='bbox 585 1763 664 1832; x_wconf 85' lang='lat' dir='ltr'>ipse,</span> <span class='ocrx_word' id='word_1_145' title='bbox 683 1761 753 1817; x_wconf 85' lang='lat' dir='ltr'>lieet</span> <span class='ocrx_word' id='word_1_146' title='bbox 768 1761 806 1817; x_wconf 93' lang='lat' dir='ltr'>de</span> <span class='ocrx_word' id='word_1_147' title='bbox 827 1760 918 1831; x_wconf 82' lang='lat' dir='ltr'>facto,</span> <span class='ocrx_word' id='word_1_148' title='bbox 932 1760 1040 1833; x_wconf 84' lang='lat' dir='ltr'>primo</span> <span class='ocrx_word' id='word_1_149' title='bbox 1057 1758 1162 1816; x_wconf 85' lang='lat' dir='ltr'>homi·</span> 
     </span>
    </p>

    <p class='ocr_par' dir='ltr' id='par_1_5' title="bbox 240 1830 1167 1904">
     <span class='ocr_line' id='line_1_23' title="bbox 240 1830 1167 1904; baseline -0.001 -18"><span class='ocrx_word' id='word_1_150' title='bbox 240 1831 278 1886; x_wconf 90' lang='lat' dir='ltr'>ni</span> <span class='ocrx_word' id='word_1_151' title='bbox 292 1847 311 1887; x_wconf 91' lang='lat' dir='ltr'>a</span> <span class='ocrx_word' id='word_1_152' title='bbox 324 1833 386 1886; x_wconf 89' lang='lat' dir='ltr'>Deo</span> <span class='ocrx_word' id='word_1_153' title='bbox 401 1832 531 1901; x_wconf 73' lang='lat' dir='ltr'>infusus</span> <span class='ocrx_word' id='word_1_154' title='bbox 545 1832 655 1904; x_wconf 79' lang='lat' dir='ltr'>suerit,</span> <span class='ocrx_word' id='word_1_155' title='bbox 669 1834 827 1903; x_wconf 85' lang='lat' dir='ltr'>potuisset</span> <span class='ocrx_word' id='word_1_156' title='bbox 850 1833 989 1888; x_wconf 83' lang='lat' dir='ltr'>absolute</span> <span class='ocrx_word' id='word_1_157' title='bbox 1011 1830 1167 1903; x_wconf 83' lang='lat' dir='ltr'>loquendo</span> 
     </span>
    </p>

    <p class='ocr_par' dir='ltr' id='par_1_6' title="bbox 241 1874 1306 1983">
     <span class='ocr_line' id='line_1_24' title="bbox 241 1902 1163 1975; baseline -0.002 -16"><span class='ocrx_word' id='word_1_158' title='bbox 241 1902 422 1959; x_wconf 78' lang='lat' dir='ltr'>abdomine</span> <span class='ocrx_word' id='word_1_159' title='bbox 445 1904 600 1968; x_wconf 81' lang='lat' dir='ltr'>inveniri,</span> <span class='ocrx_word' id='word_1_160' title='bbox 620 1903 652 1959; x_wconf 90' lang='lat' dir='ltr'>ld</span> <span class='ocrx_word' id='word_1_161' title='bbox 673 1905 751 1959; x_wconf 90' lang='lat' dir='ltr'>enim</span> <span class='ocrx_word' id='word_1_162' title='bbox 770 1907 816 1959; x_wconf 89' lang='lat' dir='ltr'>est</span> <span class='ocrx_word' id='word_1_163' title='bbox 835 1904 995 1961; x_wconf 86' lang='lat' dir='ltr'>intrinsece</span> <span class='ocrx_word' id='word_1_164' title='bbox 1013 1902 1163 1975; x_wconf 87' lang='lat' dir='ltr'>possibile,</span> 
     </span>
    </p>

    <p class='ocr_par' dir='ltr' id='par_1_7' title="bbox 241 1970 1306 2116">
     <span class='ocr_line' id='line_1_25' title="bbox 241 1970 1306 2045; baseline -0.003 -17"><span class='ocrx_word' id='word_1_165' title='bbox 241 1973 300 2029; x_wconf 90' lang='lat' dir='ltr'>imo</span> <span class='ocrx_word' id='word_1_166' title='bbox 314 1975 345 2028; x_wconf 91' lang='lat' dir='ltr'>et</span> <span class='ocrx_word' id='word_1_167' title='bbox 358 1974 534 2045; x_wconf 86' lang='lat' dir='ltr'>extrinsece,</span> <span class='ocrx_word' id='word_1_168' title='bbox 551 1988 603 2029; x_wconf 91' lang='lat' dir='ltr'>seu</span> <span class='ocrx_word' id='word_1_169' title='bbox 618 1976 758 2044; x_wconf 89' lang='lat' dir='ltr'>spectatis</span> <span class='ocrx_word' id='word_1_170' title='bbox 773 1973 929 2045; x_wconf 86' lang='lat' dir='ltr'>adjunctis.</span> <span class='ocrx_word' id='word_1_171' title='bbox 1178 1970 1250 2027; x_wconf 89' lang='grc'><strong>,176</strong></span> <span class='ocrx_word' id='word_1_172' title='bbox 1305 1986 1306 2003; x_wconf 60' lang='lat'>¹</span> 
     </span>
     <span class='ocr_line' id='line_1_26' title="bbox 276 2044 1161 2116; baseline -0.001 -17"><span class='ocrx_word' id='word_1_173' title='bbox 276 2045 319 2099; x_wconf 92' lang='lat' dir='ltr'>Ill.</span> <span class='ocrx_word' id='word_1_174' title='bbox 339 2046 381 2101; x_wconf 88' lang='lat' dir='ltr'>De</span> <span class='ocrx_word' id='word_1_175' title='bbox 400 2045 507 2099; x_wconf 87' lang='lat' dir='ltr'>ontoto</span> <span class='ocrx_word' id='word_1_176' title='bbox 529 2045 621 2101; x_wconf 87' lang='lat' dir='ltr'>ismo.</span> <span class='ocrx_word' id='word_1_177' title='bbox 642 2048 704 2100; x_wconf 86' lang='lat' dir='ltr'>Hoc</span> <span class='ocrx_word' id='word_1_178' title='bbox 722 2048 854 2115; x_wconf 85' lang='lat' dir='ltr'>systema</span> <span class='ocrx_word' id='word_1_179' title='bbox 869 2048 1014 2116; x_wconf 82' lang='lat' dir='ltr'>originem</span> <span class='ocrx_word' id='word_1_180' title='bbox 1027 2044 1161 2101; x_wconf 87' lang='lat' dir='ltr'>idearum</span> 
     </span>
    </p>

    <p class='ocr_par' dir='ltr' id='par_1_8' title="bbox 240 2061 1167 2188">
     <span class='ocr_line' id='line_1_27' title="bbox 240 2061 1167 2188; baseline 0 -19"><span class='ocrx_word' id='word_1_181' title='bbox 240 2114 351 2185; x_wconf 83' lang='lat' dir='ltr'>repetit</span> <span class='ocrx_word' id='word_1_182' title='bbox 364 2130 399 2171; x_wconf 87' lang='lat' dir='ltr'>ex</span> <span class='ocrx_word' id='word_1_183' title='bbox 413 2061 584 2170; x_wconf 46' lang='lat' dir='ltr'>immediata</span> <span class='ocrx_word' id='word_1_184' title='bbox 601 2116 652 2171; x_wconf 87' lang='lat' dir='ltr'>Dei</span> <span class='ocrx_word' id='word_1_185' title='bbox 672 2116 837 2173; x_wconf 87' lang='lat' dir='ltr'>intuitione.</span> <span class='ocrx_word' id='word_1_186' title='bbox 859 2117 1078 2188; x_wconf 85' lang='lat' dir='ltr'>Ontologismns</span> <span class='ocrx_word' id='word_1_187' title='bbox 1093 2115 1167 2171; x_wconf 85' lang='lat' dir='ltr'>divi-</span> 
     </span>
    </p>

    <p class='ocr_par' dir='ltr' id='par_1_9' title="bbox 241 2185 1249 2329">
     <span class='ocr_line' id='line_1_28' title="bbox 241 2185 1249 2257; baseline 0.003 -15"><span class='ocrx_word' id='word_1_188' title='bbox 241 2186 323 2242; x_wconf 89' lang='lat' dir='ltr'>ditur</span> <span class='ocrx_word' id='word_1_189' title='bbox 337 2185 368 2240; x_wconf 86' lang='grc'>11</span> <span class='ocrx_word' id='word_1_190' title='bbox 382 2185 555 2255; x_wconf 82' lang='lat' dir='ltr'>rigidiorem</span> <span class='ocrx_word' id='word_1_191' title='bbox 569 2190 600 2242; x_wconf 93' lang='lat' dir='ltr'>et</span> <span class='ocrx_word' id='word_1_192' title='bbox 615 2188 949 2257; x_wconf 87' lang='lat' dir='ltr'>semi-ontologismum.</span> <span class='ocrx_word' id='word_1_193' title='bbox 1203 2192 1249 2247; x_wconf 91' lang='grc'>177</span> 
     </span>
     <span class='ocr_line' id='line_1_29' title="bbox 275 2255 1169 2329; baseline 0 -17"><span class='ocrx_word' id='word_1_194' title='bbox 275 2255 487 2326; x_wconf 76' lang='lat' dir='ltr'>Ontotooismi</span> <span class='ocrx_word' id='word_1_195' title='bbox 507 2273 610 2313; x_wconf 86' lang='lat' dir='ltr'>severe</span> <span class='ocrx_word' id='word_1_196' title='bbox 629 2259 747 2329; x_wconf 85' lang='lat' dir='ltr'>accepti</span> <span class='ocrx_word' id='word_1_197' title='bbox 765 2258 832 2315; x_wconf 84' lang='lat' dir='ltr'>duae</span> <span class='ocrx_word' id='word_1_198' title='bbox 850 2262 921 2313; x_wconf 88' lang='lat' dir='ltr'>sunt</span> <span class='ocrx_word' id='word_1_199' title='bbox 940 2260 1043 2315; x_wconf 85' lang='lat' dir='ltr'>lormae</span> <span class='ocrx_word' id='word_1_200' title='bbox 1061 2257 1169 2328; x_wconf 82' lang='lat' dir='ltr'>praeei-</span> 
     </span>
    </p>

    <p class='ocr_par' dir='ltr' id='par_1_10' title="bbox 238 2328 1170 2399">
     <span class='ocr_line' id='line_1_30' title="bbox 238 2328 1170 2399; baseline 0.002 -16"><span class='ocrx_word' id='word_1_201' title='bbox 238 2341 304 2398; x_wconf 70' lang='grc'>116</span> <span class='ocrx_word' id='word_1_202' title='bbox 321 2345 327 2381; x_wconf 89' lang='lat'>:</span> <span class='ocrx_word' id='word_1_203' title='bbox 346 2329 375 2383; x_wconf 88' lang='lat' dir='ltr'>l0</span> <span class='ocrx_word' id='word_1_204' title='bbox 388 2330 476 2383; x_wconf 84' lang='lat' dir='ltr'>Juxta</span> <span class='ocrx_word' id='word_1_205' title='bbox 490 2329 694 2384; x_wconf 87' lang='lat' dir='ltr'>Malebranche</span> <span class='ocrx_word' id='word_1_206' title='bbox 727 2330 825 2384; x_wconf 87' lang='lat' dir='ltr'>omnia</span> <span class='ocrx_word' id='word_1_207' title='bbox 844 2330 875 2384; x_wconf 91' lang='lat' dir='ltr'>in</span> <span class='ocrx_word' id='word_1_208' title='bbox 894 2332 953 2385; x_wconf 87' lang='lat' dir='ltr'>Deo</span> <span class='ocrx_word' id='word_1_209' title='bbox 973 2328 1170 2399; x_wconf 85' lang='lat' dir='ltr'>quidditative</span> 
     </span>
    </p>

    <p class='ocr_par' dir='ltr' id='par_1_11' title="bbox 239 2370 1181 2469">
     <span class='ocr_line' id='line_1_31' title="bbox 239 2370 1181 2469; baseline 0.002 -16"><span class='ocrx_word' id='word_1_210' title='bbox 239 2401 358 2469; x_wconf 88' lang='lat' dir='ltr'>sumpto</span> <span class='ocrx_word' id='word_1_211' title='bbox 373 2398 524 2469; x_wconf 85' lang='lat' dir='ltr'>videmus;</span> <span class='ocrx_word' id='word_1_212' title='bbox 545 2403 576 2455; x_wconf 82' lang='lat'>2⁰</span> <span class='ocrx_word' id='word_1_213' title='bbox 597 2370 760 2455; x_wconf 75' lang='lat' dir='ltr'>seeundum</span> <span class='ocrx_word' id='word_1_214' title='bbox 779 2401 960 2457; x_wconf 82' lang='lat' dir='ltr'>Globertium</span> <span class='ocrx_word' id='word_1_215' title='bbox 991 2401 1181 2455; x_wconf 81' lang='grc'><strong>1166661116--</strong></span> 
     </span>
    </p>

    <p class='ocr_par' dir='ltr' id='par_1_12' title="bbox 238 2442 1167 2551">
     <span class='ocr_line' id='line_1_32' title="bbox 238 2442 1167 2551; baseline 0.003 -28"><span class='ocrx_word' id='word_1_216' title='bbox 238 2470 403 2551; x_wconf 82' lang='lat' dir='ltr'>tentiarum</span> <span class='ocrx_word' id='word_1_217' title='bbox 417 2470 566 2525; x_wconf 91' lang='lat' dir='ltr'>intuemur</span> <span class='ocrx_word' id='word_1_218' title='bbox 583 2471 693 2541; x_wconf 91' lang='lat' dir='ltr'>inipso</span> <span class='ocrx_word' id='word_1_219' title='bbox 709 2473 848 2541; x_wconf 79' lang='lat' dir='ltr'>actoque</span> <span class='ocrx_word' id='word_1_220' title='bbox 867 2475 944 2527; x_wconf 90' lang='lat' dir='ltr'>Deus</span> <span class='ocrx_word' id='word_1_221' title='bbox 964 2442 1018 2525; x_wconf 67' lang='lat' dir='ltr'>has</span> <span class='ocrx_word' id='word_1_222' title='bbox 1037 2470 1167 2526; x_wconf 85' lang='lat' dir='ltr'>existen-</span> 
     </span>
    </p>

    <p class='ocr_par' dir='ltr' id='par_1_13' title="bbox 240 2543 1248 2682">
     <span class='ocr_line' id='line_1_33' title="bbox 240 2543 1248 2601; baseline 0.005 -7"><span class='ocrx_word' id='word_1_223' title='bbox 240 2543 297 2595; x_wconf 83' lang='lat' dir='ltr'>tias</span> <span class='ocrx_word' id='word_1_224' title='bbox 311 2543 401 2595; x_wconf 88' lang='lat' dir='ltr'>creat.</span> <span class='ocrx_word' id='word_1_225' title='bbox 1203 2544 1248 2601; x_wconf 87' lang='grc'>178</span> 
     </span>
     <span class='ocr_line' id='line_1_34' title="bbox 273 2609 1168 2682; baseline 0.001 -15"><span class='ocrx_word' id='word_1_226' title='bbox 273 2609 610 2679; x_wconf 76' lang='lat' dir='ltr'>Semi-ontotooismus</span> <span class='ocrx_word' id='word_1_227' title='bbox 638 2612 725 2667; x_wconf 90' lang='lat' dir='ltr'>docet</span> <span class='ocrx_word' id='word_1_228' title='bbox 746 2612 895 2667; x_wconf 89' lang='lat' dir='ltr'>hominem</span> <span class='ocrx_word' id='word_1_229' title='bbox 924 2612 1022 2668; x_wconf 87' lang='lat' dir='ltr'>omnia</span> <span class='ocrx_word' id='word_1_230' title='bbox 1045 2626 1168 2682; x_wconf 88' lang='lat' dir='ltr'>eognos-</span> 
     </span>
    </p>

    <p class='ocr_par' dir='ltr' id='par_1_14' title="bbox 239 2682 1167 2753">
     <span class='ocr_line' id='line_1_35' title="bbox 239 2682 1167 2753; baseline 0.005 -17"><span class='ocrx_word' id='word_1_231' title='bbox 239 2683 352 2737; x_wconf 88' lang='lat' dir='ltr'>cerein</span> <span class='ocrx_word' id='word_1_232' title='bbox 367 2682 534 2751; x_wconf 75' lang='grc'><strong>1116161116,</strong></span> <span class='ocrx_word' id='word_1_233' title='bbox 555 2697 621 2753; x_wconf 88' lang='lat' dir='ltr'>quae</span> <span class='ocrx_word' id='word_1_234' title='bbox 639 2685 688 2737; x_wconf 89' lang='lat' dir='ltr'>est</span> <span class='ocrx_word' id='word_1_235' title='bbox 704 2683 776 2753; x_wconf 73' lang='lat' dir='ltr'>ipse¹</span> <span class='ocrx_word' id='word_1_236' title='bbox 788 2686 875 2739; x_wconf 77' lang='lat' dir='ltr'>Deus,</span> <span class='ocrx_word' id='word_1_237' title='bbox 896 2684 975 2738; x_wconf 89' lang='lat' dir='ltr'>Idem</span> <span class='ocrx_word' id='word_1_238' title='bbox 992 2683 1057 2739; x_wconf 84' lang='lat' dir='ltr'>fere</span> <span class='ocrx_word' id='word_1_239' title='bbox 1076 2685 1167 2741; x_wconf 88' lang='lat' dir='ltr'>sentit</span> 
     </span>
    </p>

    <p class='ocr_par' dir='ltr' id='par_1_15' title="bbox 238 2752 1246 2895">
     <span class='ocr_line' id='line_1_36' title="bbox 238 2752 1246 2825; baseline 0.005 -18"><span class='ocrx_word' id='word_1_240' title='bbox 238 2753 373 2808; x_wconf 80' lang='lat' dir='ltr'>Rosmini</span> <span class='ocrx_word' id='word_1_241' title='bbox 387 2753 438 2823; x_wconf 88' lang='lat' dir='ltr'>qui</span> <span class='ocrx_word' id='word_1_242' title='bbox 452 2756 550 2808; x_wconf 89' lang='lat' dir='ltr'>tamen</span> <span class='ocrx_word' id='word_1_243' title='bbox 565 2768 620 2823; x_wconf 88' lang='lat' dir='ltr'>per</span> <span class='ocrx_word' id='word_1_244' title='bbox 633 2752 729 2809; x_wconf 87' lang='lat' dir='ltr'>ideam</span> <span class='ocrx_word' id='word_1_245' title='bbox 743 2754 822 2809; x_wconf 86' lang='lat' dir='ltr'>entis</span> <span class='ocrx_word' id='word_1_246' title='bbox 836 2755 975 2825; x_wconf 89' lang='lat' dir='ltr'>intelligit</span> <span class='ocrx_word' id='word_1_247' title='bbox 988 2768 1040 2810; x_wconf 89' lang='lat' dir='ltr'>ens</span> <span class='ocrx_word' id='word_1_248' title='bbox 1060 2754 1163 2811; x_wconf 89' lang='lat' dir='ltr'>ideale.</span> <span class='ocrx_word' id='word_1_249' title='bbox 1200 2757 1246 2812; x_wconf 85' lang='lat'>180</span> 
     </span>
     <span class='ocr_line' id='line_1_37' title="bbox 273 2822 1165 2895; baseline 0.003 -17"><span class='ocrx_word' id='word_1_250' title='bbox 273 2822 501 2879; x_wconf 80' lang='lat' dir='ltr'>Fundamenta</span> <span class='ocrx_word' id='word_1_251' title='bbox 518 2828 695 2895; x_wconf 77' lang='lat' dir='ltr'>systematis</span> <span class='ocrx_word' id='word_1_252' title='bbox 710 2825 947 2895; x_wconf 82' lang='lat' dir='ltr'>expenduntur.</span> <span class='ocrx_word' id='word_1_253' title='bbox 963 2827 1139 2882; x_wconf 68' lang='lat' dir='ltr'>-12ratio</span> <span class='ocrx_word' id='word_1_254' title='bbox 1156 2847 1165 2882; x_wconf 77' lang='lat'>.-</span> 
     </span>
    </p>

    <p class='ocr_par' dir='ltr' id='par_1_16' title="bbox 240 2893 1166 2967">
     <span class='ocr_line' id='line_1_38' title="bbox 240 2893 1166 2967; baseline 0.006 -19"><span class='ocrx_word' id='word_1_255' title='bbox 240 2894 300 2948; x_wconf 83' lang='lat' dir='ltr'>Ens</span> <span class='ocrx_word' id='word_1_256' title='bbox 318 2893 436 2950; x_wconf 81' lang='lat' dir='ltr'>finitum</span> <span class='ocrx_word' id='word_1_257' title='bbox 456 2896 594 2965; x_wconf 83' lang='lat' dir='ltr'>cognosci</span> <span class='ocrx_word' id='word_1_258' title='bbox 617 2896 720 2967; x_wconf 87' lang='lat' dir='ltr'>nequit</span> <span class='ocrx_word' id='word_1_259' title='bbox 739 2896 796 2950; x_wconf 89' lang='lat' dir='ltr'>nisi</span> <span class='ocrx_word' id='word_1_260' title='bbox 815 2897 874 2952; x_wconf 83' lang='lat' dir='ltr'>Ens</span> <span class='ocrx_word' id='word_1_261' title='bbox 893 2898 989 2967; x_wconf 90' lang='lat' dir='ltr'>ipsum</span> <span class='ocrx_word' id='word_1_262' title='bbox 1009 2910 1062 2951; x_wconf 86' lang='lat' dir='ltr'>seu</span> <span class='ocrx_word' id='word_1_263' title='bbox 1088 2899 1166 2954; x_wconf 89' lang='lat' dir='ltr'>Deus</span> 
     </span>
    </p>

    <p class='ocr_par' dir='ltr' id='par_1_17' title="bbox 237 2965 1167 3037">
     <span class='ocr_line' id='line_1_39' title="bbox 237 2965 1167 3037; baseline 0.005 -18"><span class='ocrx_word' id='word_1_264' title='bbox 237 2965 321 3034; x_wconf 88' lang='lat' dir='ltr'>prius</span> <span class='ocrx_word' id='word_1_265' title='bbox 336 2971 543 3034; x_wconf 87' lang='lat' dir='ltr'>cognoscatur.</span> <span class='ocrx_word' id='word_1_266' title='bbox 559 2966 651 3037; x_wconf 84' lang='lat' dir='ltr'>Resp.</span> <span class='ocrx_word' id='word_1_267' title='bbox 667 2968 721 3023; x_wconf 91' lang='lat' dir='ltr'>Hic</span> <span class='ocrx_word' id='word_1_268' title='bbox 739 2966 926 3023; x_wconf 84' lang='lat' dir='ltr'>confundunt</span> <span class='ocrx_word' id='word_1_269' title='bbox 944 2982 997 3023; x_wconf 87' lang='lat' dir='ltr'>ens</span> <span class='ocrx_word' id='word_1_270' title='bbox 1017 2967 1167 3024; x_wconf 86' lang='lat' dir='ltr'>infinitum</span> 
     </span>
    </p>

    <p class='ocr_par' dir='ltr' id='par_1_18' title="bbox 238 3037 1169 3115">
     <span class='ocr_line' id='line_1_40' title="bbox 238 3037 1169 3115; baseline 0.006 -25"><span class='ocrx_word' id='word_1_271' title='bbox 238 3037 341 3115; x_wconf 80' lang='grc'><strong>61616</strong></span> <span class='ocrx_word' id='word_1_272' title='bbox 361 3038 638 3093; x_wconf 88' lang='lat' dir='ltr'>abstractissimum.</span> <span class='ocrx_word' id='word_1_273' title='bbox 658 3042 690 3093; x_wconf 75' lang='lat'>2³</span> <span class='ocrx_word' id='word_1_274' title='bbox 710 3041 790 3093; x_wconf 84' lang='lat' dir='ltr'>ratio</span> <span class='ocrx_word' id='word_1_275' title='bbox 812 3057 818 3092; x_wconf 87' lang='lat'>:</span> <span class='ocrx_word' id='word_1_276' title='bbox 839 3039 1013 3095; x_wconf 88' lang='lat' dir='ltr'>Universale</span> <span class='ocrx_word' id='word_1_277' title='bbox 1032 3041 1078 3093; x_wconf 87' lang='lat' dir='ltr'>est</span> <span class='ocrx_word' id='word_1_278' title='bbox 1096 3039 1169 3109; x_wconf 80' lang='lat' dir='ltr'>quid</span> 
     </span>
    </p>

    <p class='ocr_par' dir='ltr' id='par_1_19' title="bbox 238 3104 1164 3179">
     <span class='ocr_line' id='line_1_41' title="bbox 238 3104 1164 3179; baseline 0.008 -20"><span class='ocrx_word' id='word_1_279' title='bbox 238 3104 388 3161; x_wconf 87' lang='grc'><strong>1111111111</strong></span> <span class='ocrx_word' id='word_1_280' title='bbox 402 3111 433 3163; x_wconf 90' lang='grc'>61</span> <span class='ocrx_word' id='word_1_281' title='bbox 446 3112 600 3165; x_wconf 79' lang='lat' dir='ltr'>aternum.</span> <span class='ocrx_word' id='word_1_282' title='bbox 616 3111 695 3179; x_wconf 82' lang='lat' dir='ltr'>Ergo</span> <span class='ocrx_word' id='word_1_283' title='bbox 709 3110 827 3165; x_wconf 88' lang='lat' dir='ltr'>nonnisi</span> <span class='ocrx_word' id='word_1_284' title='bbox 840 3110 871 3163; x_wconf 93' lang='lat' dir='ltr'>in</span> <span class='ocrx_word' id='word_1_285' title='bbox 886 3113 944 3165; x_wconf 89' lang='lat' dir='ltr'>Deo</span> <span class='ocrx_word' id='word_1_286' title='bbox 963 3110 1164 3177; x_wconf 87' lang='lat' dir='ltr'>cognoscitur.</span> 
     </span>
    </p>

    <p class='ocr_par' dir='ltr' id='par_1_20' title="bbox 238 3176 1163 3250">
     <span class='ocr_line' id='line_1_42' title="bbox 238 3176 1163 3250; baseline 0.003 -18"><span class='ocrx_word' id='word_1_287' title='bbox 238 3176 332 3247; x_wconf 81' lang='lat' dir='ltr'>Resp.</span> <span class='ocrx_word' id='word_1_288' title='bbox 354 3177 385 3232; x_wconf 86' lang='lat' dir='ltr'>ld</span> <span class='ocrx_word' id='word_1_289' title='bbox 404 3178 548 3233; x_wconf 84' lang='lat' dir='ltr'>fundatur</span> <span class='ocrx_word' id='word_1_290' title='bbox 561 3180 592 3233; x_wconf 93' lang='lat' dir='ltr'>in</span> <span class='ocrx_word' id='word_1_291' title='bbox 606 3180 682 3235; x_wconf 87' lang='lat' dir='ltr'>falso</span> <span class='ocrx_word' id='word_1_292' title='bbox 700 3186 843 3250; x_wconf 83' lang='lat' dir='ltr'>conceptu</span> <span class='ocrx_word' id='word_1_293' title='bbox 863 3180 1107 3237; x_wconf 85' lang='lat' dir='ltr'>universalitatis.</span> <span class='ocrx_word' id='word_1_294' title='bbox 1129 3210 1163 3223; x_wconf 96' lang='lat'>-</span> 
     </span>
    </p>

    <p class='ocr_par' dir='ltr' id='par_1_21' title="bbox 237 3246 1165 3308">
     <span class='ocr_line' id='line_1_43' title="bbox 237 3246 1165 3308; baseline 0.01 -9"><span class='ocrx_word' id='word_1_295' title='bbox 237 3246 269 3299; x_wconf 67' lang='lat'>3³</span> <span class='ocrx_word' id='word_1_296' title='bbox 282 3250 363 3303; x_wconf 84' lang='lat' dir='ltr'>ratio</span> <span class='ocrx_word' id='word_1_297' title='bbox 377 3250 545 3305; x_wconf 89' lang='lat' dir='ltr'>Intellectus</span> <span class='ocrx_word' id='word_1_298' title='bbox 560 3251 707 3306; x_wconf 89' lang='lat' dir='ltr'>humanus</span> <span class='ocrx_word' id='word_1_299' title='bbox 722 3251 809 3307; x_wconf 89' lang='lat' dir='ltr'>dehet</span> <span class='ocrx_word' id='word_1_300' title='bbox 824 3249 1016 3306; x_wconf 88' lang='lat' dir='ltr'>determinari</span> <span class='ocrx_word' id='word_1_301' title='bbox 1030 3252 1066 3307; x_wconf 90' lang='lat' dir='ltr'>ab</span> <span class='ocrx_word' id='word_1_302' title='bbox 1081 3251 1165 3308; x_wconf 90' lang='lat' dir='ltr'>intel·</span> 
     </span>
    </p>

    <p class='ocr_par' dir='ltr' id='par_1_22' title="bbox 236 3318 1166 3394">
     <span class='ocr_line' id='line_1_44' title="bbox 236 3318 1166 3394; baseline 0.009 -22"><span class='ocrx_word' id='word_1_303' title='bbox 236 3318 341 3387; x_wconf 82' lang='lat' dir='ltr'>ligibili</span> <span class='ocrx_word' id='word_1_304' title='bbox 354 3320 386 3374; x_wconf 91' lang='lat' dir='ltr'>in</span> <span class='ocrx_word' id='word_1_305' title='bbox 400 3322 479 3390; x_wconf 86' lang='lat' dir='ltr'>actu,</span> <span class='ocrx_word' id='word_1_306' title='bbox 494 3335 547 3375; x_wconf 89' lang='lat' dir='ltr'>seu</span> <span class='ocrx_word' id='word_1_307' title='bbox 562 3335 580 3376; x_wconf 94' lang='lat' dir='ltr'>a</span> <span class='ocrx_word' id='word_1_308' title='bbox 593 3324 663 3378; x_wconf 90' lang='lat' dir='ltr'>Deo.</span> <span class='ocrx_word' id='word_1_309' title='bbox 679 3322 771 3394; x_wconf 77' lang='lat' dir='ltr'>Hesp.</span> <span class='ocrx_word' id='word_1_310' title='bbox 793 3322 822 3378; x_wconf 87' lang='lat' dir='ltr'>Si</span> <span class='ocrx_word' id='word_1_311' title='bbox 836 3336 896 3378; x_wconf 92' lang='lat' dir='ltr'>non</span> <span class='ocrx_word' id='word_1_312' title='bbox 910 3323 989 3378; x_wconf 90' lang='lat' dir='ltr'>esset</span> <span class='ocrx_word' id='word_1_313' title='bbox 1000 3321 1032 3377; x_wconf 92' lang='lat' dir='ltr'>in</span> <span class='ocrx_word' id='word_1_314' title='bbox 1046 3323 1166 3380; x_wconf 89' lang='lat' dir='ltr'>homine</span> 
     </span>
    </p>

    <p class='ocr_par' dir='ltr' id='par_1_23' title="bbox 236 3389 1247 3530">
     <span class='ocr_line' id='line_1_45' title="bbox 236 3389 1247 3461; baseline 0.012 -18"><span class='ocrx_word' id='word_1_315' title='bbox 236 3389 406 3446; x_wconf 87' lang='lat' dir='ltr'>intellectus</span> <span class='ocrx_word' id='word_1_316' title='bbox 420 3406 521 3461; x_wconf 76' lang='lat' dir='ltr'>agenn,</span> <span class='ocrx_word' id='word_1_317' title='bbox 537 3406 624 3459; x_wconf 87' lang='lat' dir='ltr'>cone,</span> <span class='ocrx_word' id='word_1_318' title='bbox 643 3408 738 3461; x_wconf 88' lang='lat' dir='ltr'>secus,</span> <span class='ocrx_word' id='word_1_319' title='bbox 756 3407 846 3461; x_wconf 75' lang='lat' dir='ltr'>nego.</span> <span class='ocrx_word' id='word_1_320' title='bbox 1200 3398 1247 3455; x_wconf 82' lang='grc'>180</span> 
     </span>
     <span class='ocr_line' id='line_1_46' title="bbox 274 3458 1164 3530; baseline 0.008 -14"><span class='ocrx_word' id='word_1_321' title='bbox 274 3458 457 3530; x_wconf 70' lang='lat' dir='ltr'>Confutatio</span> <span class='ocrx_word' id='word_1_322' title='bbox 482 3461 601 3517; x_wconf 82' lang='lat' dir='ltr'>directa</span> <span class='ocrx_word' id='word_1_323' title='bbox 619 3466 728 3519; x_wconf 78' lang='lat' dir='ltr'>Tussis</span> <span class='ocrx_word' id='word_1_324' title='bbox 746 3468 766 3523; x_wconf 89' lang='lat' dir='ltr'>l.</span> <span class='ocrx_word' id='word_1_325' title='bbox 788 3465 874 3520; x_wconf 87' lang='lat' dir='ltr'>Deus</span> <span class='ocrx_word' id='word_1_326' title='bbox 896 3480 915 3519; x_wconf 88' lang='lat' dir='ltr'>a</span> <span class='ocrx_word' id='word_1_327' title='bbox 934 3464 1025 3521; x_wconf 85' lang='lat' dir='ltr'>nobis</span> <span class='ocrx_word' id='word_1_328' title='bbox 1048 3467 1084 3519; x_wconf 85' lang='lat' dir='ltr'>tn</span> <span class='ocrx_word' id='word_1_329' title='bbox 1105 3465 1164 3523; x_wconf 87' lang='lat' dir='ltr'>hae</span> 
     </span>
    </p>

    <p class='ocr_par' dir='ltr' id='par_1_24' title="bbox 236 3530 1164 3593">
     <span class='ocr_line' id='line_1_47' title="bbox 236 3530 1164 3593; baseline 0.009 -8"><span class='ocrx_word' id='word_1_330' title='bbox 236 3530 303 3586; x_wconf 90' lang='lat' dir='ltr'>vita</span> <span class='ocrx_word' id='word_1_331' title='bbox 321 3546 389 3585; x_wconf 89' lang='lat' dir='ltr'>non</span> <span class='ocrx_word' id='word_1_332' title='bbox 412 3530 538 3586; x_wconf 80' lang='lat' dir='ltr'>uidetur</span> <span class='ocrx_word' id='word_1_333' title='bbox 556 3534 674 3590; x_wconf 82' lang='lat' dir='ltr'>directe</span> <span class='ocrx_word' id='word_1_334' title='bbox 693 3538 723 3591; x_wconf 90' lang='lat' dir='ltr'>et</span> <span class='ocrx_word' id='word_1_335' title='bbox 745 3535 940 3592; x_wconf 84' lang='lat' dir='ltr'>immediate.</span> <span class='ocrx_word' id='word_1_336' title='bbox 963 3537 991 3591; x_wconf 88' lang='lat' dir='ltr'>l0</span> <span class='ocrx_word' id='word_1_337' title='bbox 1037 3536 1164 3593; x_wconf 86' lang='lat' dir='ltr'>‘usmodi</span> 
     </span>
    </p>

    <p class='ocr_par' dir='ltr' id='par_1_25' title="bbox 235 3538 1164 3680">
     <span class='ocr_line' id='line_1_48' title="bbox 235 3538 1164 3680; baseline 0.009 -23"><span class='ocrx_word' id='word_1_338' title='bbox 235 3600 382 3657; x_wconf 81' lang='lat' dir='ltr'>visionem</span> <span class='ocrx_word' id='word_1_339' title='bbox 400 3600 544 3659; x_wconf 90' lang='lat' dir='ltr'>directam</span> <span class='ocrx_word' id='word_1_340' title='bbox 565 3608 656 3675; x_wconf 88' lang='lat' dir='ltr'>negat</span> <span class='ocrx_word' id='word_1_341' title='bbox 675 3606 869 3680; x_wconf 80' lang='lat' dir='ltr'>conscientia3</span> <span class='ocrx_word' id='word_1_342' title='bbox 893 3610 924 3663; x_wconf 84' lang='lat'>2⁰</span> <span class='ocrx_word' id='word_1_343' title='bbox 943 3538 1164 3665; x_wconf 45' lang='lat' dir='ltr'>haecpflonrlna</span> 
     </span>
    </p>
   </div>
   <div class='ocr_carea' id='block_1_5' title="bbox 0 0 1326 4209">
    <p class='ocr_par' dir='ltr' id='par_1_26' title="bbox 0 0 1326 4209">
     <span class='ocr_line' id='line_1_49' title="bbox 0 0 1326 4209; baseline 0 2"><span class='ocrx_word' id='word_1_344' title='bbox 0 0 1326 4209; x_wconf 95' lang='lat' dir='ltr'> </span> 
     </span>
    </p>
   </div>
  </div>
 </body>
</html>
