2642 4209
284 280 481 328 naumurum
502 282 659 327 saucians,
677 300 715 309 —
732 282 931 326 cosuouoon.
1080 263 1119 322 57

98 404 186 457 1ntra
208 398 392 459 naturalem
415 398 565 460 ordinem
593 404 770 473 operantur
799 418 806 458 :
839 400 979 473 possunt
1007 396 1119 473 utique

99 476 229 554 aliquid
263 493 425 557 peragere
457 478 548 556 quod
588 479 705 537 mirum
737 478 778 537 sit
809 476 935 538 cuidam
966 482 1120 537 creature

99 556 256 618 virtutem
276 558 362 618 hanc
382 559 562 619 naturalem
588 574 656 619 non
688 557 913 628 cognoscenti.
948 556 1122 615 Verumta-

99 652 182 697 men
203 639 236 697 20
256 638 344 696 Deus
366 637 540 715 aliquando
563 638 658 697 bonis
681 637 846 713 spiritibus
867 637 921 696 vel
936 634 1121 695 hominibus

100 716 204 775 utitur
225 718 375 794 tanquam
398 718 548 780 ministris
575 716 618 777 ad
644 718 798 777 mlracula
828 714 992 777 facienda.
1026 715 1057 774 3⁰
1075 715 1122 774 llx

102 795 210 857 altera
244 801 337 871 parte
367 813 435 857 non
462 813 558 857 omne
585 795 619 855 id
650 798 841 857 miraculum
872 794 990 856 dicitur
1031 793 1120 870 quod

101 875 176 936 sola
198 877 259 936 Dei
281 882 425 950 potestas
438 875 569 938 efficere
580 876 682 944 valet;
697 892 726 935 v.
743 892 790 954 g.,
805 876 924 935 creatio
939 890 980 934 ex
992 872 1096 932 'nihilo
1111 893 1118 933 z

102 954 148 1025 ad
160 956 307 1015 miraculi
321 958 481 1016 rationem
496 955 671 1032 requiritur
679 970 747 1016 non
762 955 859 1015 modo
874 956 997 1015 virtutis
1009 968 1120 1025 super·

101 1034 264 1095 naturalis
285 1039 441 1107 ostensio,
463 1053 575 1098 verum
599 1038 695 1096 etiam
718 1036 880 1114 oppositio
904 1052 975 1094 cum
991 1032 1120 1109 legibus

102 1120 238 1175 naturae.

98 1228 153 1289 95.
176 1260 218 1270 —
238 1229 344 1289 Tussis
366 1229 402 1288 ll.
418 1230 579 1291 Mirocnla
589 1232 725 1303 proprie
739 1231 824 1289 dictu
838 1232 910 1288 suut
928 1226 1113 1301 possibilia.

145 1342 240 1401 Noto.
275 1341 411 1417 Splnosa
441 1346 474 1402 et
496 1342 549 1402 alii
571 1347 686 1402 tenent
707 1342 854 1403 ordinem
878 1338 999 1400 mundo
1021 1336 1122 1415 pren

103 1436 187 1480 xum
211 1435 285 1481 esse
300 1436 433 1495 prorsus
449 1423 680 1483 immutabilem
697 1426 731 1482 el
752 1420 983 1489 necessarium,
997 1425 1030 1480 et
1042 1436 1120 1479 con·

101 1504 286 1577 sequenter
308 1501 554 1575 possibilitatem
578 1502 724 1562 miraculi
744 1504 916 1579 impugnat
942 1519 948 1560 :
972 1500 1005 1560 lii
1027 1502 1119 1560 Fata-

101 1580 186 1640 listae
210 1578 370 1638 dicuntur.

145 1660 319 1719 Probatur.
345 1658 380 1718 ld
402 1659 491 1736 quod
513 1660 710 1720 intrinsecus
731 1675 797 1720 non
811 1661 985 1735 repugnat,
1009 1674 1027 1719 a
1050 1658 1119 1718 Deo

103 1735 195 1798 eifici
215 1742 331 1815 potest.
357 1740 453 1817 Atqui
467 1741 653 1799 miraculum
667 1741 1118 1816 intrinsecusnonrepugnal.

101 1819 204 1895 Ergo.
411 1847 413 1853 ·

144 1899 256 1972 Major
268 1899 302 1959 in
318 1896 493 1958 discrimen
506 1900 653 1959 revocari
673 1897 789 1973 nequit
813 1898 989 1975 quominus
1012 1896 1121 1958 omni-

102 1976 254 2053 potentia
277 1978 335 2037 Dei
366 1977 540 2049 abnuatur,
577 1995 637 2039 seu
659 1978 714 2037 lex
739 1978 956 2052 primordialis
979 1978 1120 2055 physica

103 2054 338 2133 dependentia
366 2058 513 2119 omnium
546 2061 772 2129 creaturarum
805 2072 824 2117 a
863 2059 932 2118 lleo
973 2060 1120 2116 creatore

101 2136 283 2215 rejiciatur.
1213 2135 1217 2145 ’

144 2218 253 2276 ultnor
266 2214 418 2277 facillime
440 2216 565 2277 adstrui
584 2220 696 2293 potest
722 2235 728 2275 :
753 2216 896 2277 Eatenus
920 2218 1123 2292 repugnaret

101 2295 311 2364 miraculum,
337 2302 500 2375 qnatenus
525 2296 606 2357 ordo
629 2300 752 2357 naturae
783 2300 873 2356 esset
900 2296 1120 2364 necessarius,

102 2379 161 2435 aut
176 2376 206 2435 vi
222 2374 345 2436 infinita
362 2378 538 2436 instructus
561 2392 660 2453 quam
685 2378 775 2436 Deus
798 2377 931 2436 vincere
956 2391 1024 2434 non
1047 2389 1121 2450 pos-

102 2459 172 2525 set;
203 2456 294 2533 atqui
318 2461 473 2516 neutrum
502 2455 566 2516 dici
590 2460 700 2531 polest
727 2475 735 2515 :
765 2457 793 2515 l⁰
816 2455 904 2515 Ordo
926 2459 1048 2515 naturae
1072 2457 1124 2512 cst

104 2534 314 2612 contingens,
332 2542 369 2595 ut
383 2537 452 2597 solo
469 2534 555 2597 lacto
572 2536 645 2615 ejus
654 2535 850 2596 interitionis
866 2539 994 2595 constat
1008 2534 1056 2602 (ll,
1069 2531 1118 2609 4);

102 2616 136 2674 2⁰
159 2614 307 2675 Facullas
328 2619 450 2675 naturae
465 2631 532 2675 non
556 2620 607 2675 est
619 2613 756 2685 infinita,
772 2618 887 2690 utpote
902 2618 1023 2681 creata,
1039 2616 1121 2675 inle-

103 2693 219 2766 ribilis,
244 2694 450 2771 dependens.
467 2695 619 2755 lliracula
641 2695 742 2773 igitur
767 2711 784 2754 a
810 2696 878 2757 Deo
895 2695 1122 2769 ,omnipotenti

106 2771 191 2833 ellici
214 2778 365 2849 possunt,
381 2791 502 2850 nempe
525 2780 602 2835 sunt
623 2774 804 2850 possibilia.

144 2854 357 2925 AliisverbiS,
380 2871 447 2915 non
474 2858 663 2931 repugnant
689 2870 800 2931 neque
824 2868 865 2914 ex
891 2856 986 2929 parte
1006 2854 1122 2931 legum

103 2933 315 3002 naturalium,
343 2950 414 3011 quae
446 2937 534 2996 omni
574 2936 701 2994 ratione
733 2932 881 3010 pendent
910 2948 929 2993 a
958 2938 1119 3003 creatore,

103 3024 215 3090 neque
232 3029 273 3073 ex
294 3018 388 3091 parte
409 3014 469 3075 Dei
484 3013 718 3090 omnipotentis
741 3020 773 3074 et
796 3012 904 3073 omnia
926 3013 1119 3090 gubernan-

106 3092 157 3153 tis

145 3171 254 3231 Senot.
275 3170 490 3233 Difficullates
513 3187 583 3249 quae
605 3171 825 3232 desumuntur
846 3186 888 3229 ex
910 3169 1119 3233 immutabili-

102 3254 239 3312 lateant
253 3251 456 3327 providentia
473 3253 544 3323 Dei,
560 3252 731 3313 solvuntur
744 3251 777 3310 in
792 3250 957 3329 theologia
967 3251 1120 3311 naturali.

99 3375 152 3438 96.
175 3410 214 3420 -
234 3376 343 3435 'laesis
365 3378 415 3437 lll.
437 3376 677 3437 Miacculorum
699 3375 773 3450 finis
790 3377 825 3435 to
844 3374 912 3436 soto
935 3378 1049 3437 ordine
1069 3392 1122 3437 su·

137 3456 353 3532 peracturolt'
365 3460 555 3516 contractor.

140 3568 372 3631 Animadverte
390 3574 419 3632 l⁰
440 3569 591 3631 ordinem
617 3570 914 3647 supernaturalem,
938 3585 1039 3646 quem
1064 3569 1120 3629 de·

101 3650 294 3726 scripsimus
307 3651 360 3711 via
374 3652 564 3711 remotionis
580 3650 629 3731 (ll,
642 3650 704 3727 91),
720 3650 854 3723 positive
867 3648 959 3709 illum
973 3664 1047 3709 esse
1063 3651 1119 3727 qui
