2642 4209
259 251 458 299 aurirnrsica
480 252 638 298 sauciatis.
656 270 695 282 -
710 252 909 301 cosaoiooit.
1059 238 1098 299 51

110 364 143 426 Si
173 364 340 427 diceretur
357 384 471 430 ‘unam
499 373 627 447 partem
677 368 832 447 principii
863 368 971 432 vitalis
1006 369 1097 432 talen

67 446 293 507 sensatiouem
322 450 476 524 experiri,
508 447 585 509 dum
617 448 722 510 altera
756 466 834 527 pars
850 517 852 520 ,
870 449 1097 511 sensationem

69 523 236 587 diversam
261 530 459 605 perciperet,
486 532 520 589 et
547 528 594 589 sic
618 527 734 601 plures
761 528 973 591 sensationes
998 530 1098 589 etiam

68 605 219 667 diversas
233 606 274 666 ab
290 607 409 669 eodem
430 607 699 686 subJecto‘simul
722 608 853 687 attingi,
878 606 923 670 id,
940 607 1098 671 sustineri

67 700 136 745 non
151 688 277 763 posset.
294 687 332 747 Et
346 702 427 748 sane
442 702 519 763 pars
533 687 587 747 illa
602 702 674 763 quae
692 700 795 749 unum
810 687 963 759 sentiret,
986 686 1096 749 diver·

67 781 103 825 sa
118 778 258 841 prorsus
274 766 419 827 essetab
436 783 475 827 ea
490 782 561 843 qua
575 764 666 827 aliud
682 769 903 843 experiretur,
920 766 998 827 etin
1009 767 1103 829 hanc

68 844 161 907 nullo
192 847 290 921 pacto
314 844 423 925 redigi
446 850 576 923 posset;
603 859 670 922 qua
694 846 737 907 de
764 862 863 907 causa
885 846 1099 909 sensationes'

69 924 210 984 diversa
224 938 397 1001 nunquam
414 922 556 986 conferri
569 929 710 1000 possent
724 929 782 985 aut
807 926 967 1002 colligari,
991 926 1094 1005 siqui-

68 1003 150 1064 dem
163 1004 253 1063 inter
264 1005 354 1079 ipsas
368 1019 435 1065 non
451 1008 540 1070 esset
552 1005 616 1066 nisi
631 1005 818 1065 extrinseca
831 1004 947 1065 relatio
968 1006 1004 1066 in
1021 1005 1095 1081 ipso

65 1087 216 1154 vivente,
233 1087 290 1142 aut
302 1084 416 1159 potius
428 1084 462 1144 in
478 1083 614 1146 diversis
628 1084 828 1145 viventibus.
845 1086 886 1146 Ut
905 1085 1093 1146 coexisten-

67 1166 112 1224 tia
126 1163 250 1223 harum
264 1166 491 1225 sensationum
506 1164 699 1242 attingatur,
715 1163 894 1240 requiritur
909 1179 989 1243 ergo
1005 1179 1095 1243 qnae·

67 1242 150 1303 dani
164 1242 277 1303 unitas
291 1241 397 1303 vitalis
415 1244 449 1303 in
465 1259 529 1319 qua
551 1244 699 1304 sensoria
723 1243 934 1319 particularia
957 1242 1000 1303 ad
1023 1242 1110 1305 uni·
1129 1306 1132 1309 ,

67 1326 176 1386 latein
221 1320 431 1401 redigentem
480 1326 514 1382 et
557 1320 677 1384 exinde
717 1324 864 1383 centralc
899 1321 1118 1401 principium.

65 1400 295 1479 potentiarum
339 1400 568 1463 sensitivarum
613 1400 753 1480 simplex
798 1417 872 1463 esse
919 1400 1022 1463 debet
1062 1408 1096 1463 et

65 1480 282 1543 indivisibile.
1014 1490 1032 1554 j

109 1560 163 1622 85.
180 1594 219 1602 -
236 1558 458 1621 corollarium
473 1561 495 1620 l.
512 1558 814 1629 Animabrutorum
830 1564 881 1621 est
894 1559 1092 1635 substantia

67 1655 150 1700 nam
186 1643 237 1700 est
259 1638 384 1715 aliquid
412 1640 502 1699 reale
531 1639 716 1718 physicum,
745 1642 864 1715 utpote
891 1640 1091 1717 principium

68 1720 307 1795 operationum
321 1717 476 1791 realium3
493 1718 691 1796 neutiquam
706 1722 818 1779 autem
834 1726 885 1779 est
901 1734 1022 1796 corpus
1037 1722 1096 1782 aut

69 1799 215 1875 qualitas
231 1813 401 1875 corporea,
419 1814 515 1859 secus
530 1814 598 1859 non
614 1800 704 1857 esset
716 1798 868 1874 simplex,
883 1796 945 1858 sed
957 1805 1092 1861 extensa
1160 1833 1162 1840 ·
1235 1792 1239 1800 ’

70 1882 107 1938 et
120 1877 292 1941 divisibilis
308 1893 380 1937 cuni
397 1892 548 1953 corpore.
565 1878 647 1937 Hinc
663 1883 715 1938 est
728 1876 914 1937 substantia
929 1876 1091 1955 simplex:

70 1960 123 2019 est
138 1961 249 2019 tamen
263 1957 448 2018 substantia
467 1955 670 2035 incompleta
695 1954 738 2017 ad
761 1956 977 2017 substantiam
1001 1974 1090 2019 com-

68 2037 214 2113 positam
246 2035 425 2099 intrinsece
460 2036 726 2111 componendam
763 2036 925 2097 ordinata.
955 2034 1093 2113 Propter

66 2117 155 2177 lianc
171 2115 484 2177 substantialitatem
498 2114 735 2190 incompletam
755 2119 789 2176 et
813 2114 1029 2177 intrinsecam
1053 2132 1092 2177 ac

67 2196 258 2257 absolutam
283 2194 542 2274 dependentium
566 2209 585 2253 a
608 2197 756 2266 materia,
781 2199 820 2255 ut
833 2192 917 2256 infra
933 2192 1091 2256 demons-

66 2276 239 2346 trabimus,
256 2275 323 2335 haec
338 2274 447 2335 anima
463 2272 581 2336 dicitur
594 2273 790 2335 materialis.
1115 2336 1118 2339 ,

107 2356 159 2417 86.
176 2390 214 2400 -
228 2354 450 2428 corollarium
465 2354 500 2414 ll.
519 2352 635 2427 Quoad
651 2353 812 2427 ort'pr‘aem
834 2352 936 2430 hujus
961 2349 1087 2427 anima,

67 2440 196 2496 constat
210 2434 424 2494 substantiam
439 2432 524 2493 illam
538 2432 769 2507 incompletam
784 2433 1007 2509 coagmentari
1020 2448 1089 2493 non

66 2530 170 2591 posse
197 2530 239 2575 ex
263 2510 460 2589 quibusdam
484 2511 779 2588 praexistentibus
805 2517 862 2572 aut
882 2512 999 2571 exiliis
1014 2514 1102 2586 sim,

66 2594 200 2669 pliolter
214 2591 375 2654 abscindi.
390 2592 423 2653 Si
439 2590 522 2651 enim
539 2592 584 2651 ita
598 2597 896 2669 coagmentaretur‚
917 2606 985 2651 non
1000 2598 1091 2652 esset

67 2671 211 2751 simplex
240 2678 273 2733 et
295 2670 514 2744 indivisibilis;
545 2672 572 2729 si
601 2686 641 2731 ex
670 2669 781 2747 aliquo
810 2670 959 2748 subjecto
985 2686 1088 2746 praee·

67 2754 213 2815 xistente
237 2750 498 2823 abscinderetur,
513 2748 596 2809 illud
611 2749 797 2828 subjectum
818 2755 906 2811 esset
926 2751 1090 2826 composi-

68 2838 151 2905 tum,
164 2836 198 2893 et
210 2829 330 2891 exinde
346 2830 419 2909 ejus
433 2844 510 2905 pars
524 2833 582 2891 aut
596 2832 687 2889 esset
701 2829 882 2905 composita
901 2833 958 2888 aut
971 2830 1090 2891 saltem

67 2912 251 2975 haberetur
264 2912 300 2973 ut
314 2910 494 2971 substantia
509 2908 621 2985 specie
637 2907 766 2969 diversa
780 2908 822 2969 ab
836 2909 900 2969 hoc
913 2908 1086 2986 subjecto:

69 2991 163 3070 quod
198 2992 377 3069 repugnat.
408 2988 539 3050 Certum
572 2991 624 3048 est
656 2986 747 3065 quod
776 2989 887 3049 anima
916 2987 1088 3063 brutorum

67 3066 293 3148 perlectorum
307 3084 375 3131 non
394 3072 572 3129 nascantur
591 3067 654 3127 nisi
675 3082 717 3126 ex
734 3066 884 3127 seminali
901 3069 1087 3145 generatio·

66 3166 129 3224 ne;
163 3150 224 3213 sed
260 3145 432 3209 difficultas
462 3149 611 3209 versatur
639 3147 775 3221 praecise
813 3146 897 3206 circa
929 3146 1088 3208 rationem

68 3228 253 3293 efficientia
264 3229 452 3308 generantis
462 3222 737 3303 respectuformae
747 3226 896 3304 generati
906 3240 968 3285 seu
977 3228 1102 3289 anima·-

68 3311 241 3373 sensitiva.
257 3306 450 3371 Tenendum
466 3313 516 3367 est
530 3306 626 3367 etiam
647 3303 739 3383 quod
761 3320 829 3366 non
856 3308 1009 3367 creantur
1034 3304 1087 3385 tl),

99 3458 136 3520 (l)
149 3459 226 3507 Juxta
242 3455 374 3521 quosdam,
389 3452 533 3515 oriturper
548 3452 722 3522 creationem,
749 3454 889 3521 quatenus·
902 3464 954 3499 uon
979 3451 1090 3503 efficitur

68 3534 114 3586 pei·
128 3534 234 3569 meram
249 3518 422 3571 eductionem,
438 3528 481 3563 seu
494 3522 547 3563 no'n
560 3527 663 3578 proprie
674 3516 700 3562 et
716 3516 804 3562 stricte
816 3512 936 3561 educitur
949 3527 963 3561 e
976 3515 1089 3563 naturali

69 3581 185 3646 potentia
196 3580 302 3641 alicuius
316 3577 429 3642 subjecti.
445 3574 496 3627 Alii
511 3579 607 3639 negarit
620 3573 720 3624 animas
733 3574 867 3623 brutorum
880 3573 943 3623 oriri
957 3590 1004 3637 per
1018 3590 1088 3625 crea·

69 3649 167 3695 tionem
190 3643 232 3705 (ll.
249 3642 303 3703 60l;
319 3638 365 3689 sed
378 3636 667 3705 opponuntoreatiouem
687 3634 857 3701 generationi,
879 3649 972 3699 nempe
1000 3651 1087 3707 seuere
