<?xml version="1.0" encoding="UTF-8"?>
<!DOCTYPE html PUBLIC "-//W3C//DTD XHTML 1.0 Transitional//EN"
    "http://www.w3.org/TR/xhtml1/DTD/xhtml1-transitional.dtd">
<html xmlns="http://www.w3.org/1999/xhtml" xml:lang="en" lang="en">
 <head>
  <title>
</title>
<meta http-equiv="Content-Type" content="text/html;charset=utf-8" />
  <meta name='ocr-system' content='tesseract 3.04.00' />
  <meta name='ocr-capabilities' content='ocr_page ocr_carea ocr_par ocr_line ocrx_word'/>
</head>
<body>
  <div class='ocr_page' id='page_1' title='image "./brevariumphilos02grangoog_0211.png"; bbox 0 0 2642 4209; ppageno 0'>
   <div class='ocr_carea' id='block_1_1' title="bbox 246 260 1114 322">
    <p class='ocr_par' dir='ltr' id='par_1_1' title="bbox 246 260 1114 322">
     <span class='ocr_line' id='line_1_1' title="bbox 246 260 1114 322; baseline -0.002 -1"><span class='ocrx_word' id='word_1_1' title='bbox 246 267 249 271; x_wconf 81' lang='grc'><em>“</em></span> <span class='ocrx_word' id='word_1_2' title='bbox 287 274 483 322; x_wconf 69' lang='grc' dir='ltr'>κΕτΑυΗΥειοΑ</span> <span class='ocrx_word' id='word_1_3' title='bbox 505 274 664 321; x_wconf 78' lang='lat' dir='ltr'>senentis.</span> <span class='ocrx_word' id='word_1_4' title='bbox 682 296 720 305; x_wconf 87' lang='lat'>—-</span> <span class='ocrx_word' id='word_1_5' title='bbox 735 278 840 321; x_wconf 82' lang='lat' dir='ltr'>rurou.</span> <span class='ocrx_word' id='word_1_6' title='bbox 864 278 931 319; x_wconf 82' lang='lat' dir='ltr'>mir.</span> <span class='ocrx_word' id='word_1_7' title='bbox 1057 260 1114 321; x_wconf 91' lang='grc'>197</span> 
     </span>
    </p>
   </div>
   <div class='ocr_carea' id='block_1_2' title="bbox 82 391 1122 1506">
    <p class='ocr_par' dir='ltr' id='par_1_2' title="bbox 88 391 1114 630">
     <span class='ocr_line' id='line_1_2' title="bbox 89 391 1114 455; baseline 0.002 -2"><span class='ocrx_word' id='word_1_8' title='bbox 89 394 124 453; x_wconf 92' lang='lat' dir='ltr'>S.</span> <span class='ocrx_word' id='word_1_9' title='bbox 135 395 282 454; x_wconf 87' lang='lat' dir='ltr'>loannes</span> <span class='ocrx_word' id='word_1_10' title='bbox 293 395 516 453; x_wconf 85' lang='lat' dir='ltr'>Damascenus</span> <span class='ocrx_word' id='word_1_11' title='bbox 528 391 571 451; x_wconf 92' lang='lat' dir='ltr'>ait</span> <span class='ocrx_word' id='word_1_12' title='bbox 588 394 728 453; x_wconf 82' lang='lat' dir='ltr'>:Natr&#39;tr&#39;a</span> <span class='ocrx_word' id='word_1_13' title='bbox 738 392 951 453; x_wconf 82' lang='lat' dir='ltr'>Der&#39;omnr&#39;bns</span> <span class='ocrx_word' id='word_1_14' title='bbox 961 408 982 451; x_wconf 90' lang='lat' dir='ltr'>a</span> <span class='ocrx_word' id='word_1_15' title='bbox 992 400 1114 455; x_wconf 85' lang='lat' dir='ltr'>natnra</span> 
     </span>
     <span class='ocr_line' id='line_1_3' title="bbox 88 472 1112 547; baseline 0.004 -15"><span class='ocrx_word' id='word_1_16' title='bbox 88 478 136 533; x_wconf 79' lang='lat' dir='ltr'>est</span> <span class='ocrx_word' id='word_1_17' title='bbox 149 476 267 542; x_wconf 68' lang='lat' dir='ltr'>insita·</span> <span class='ocrx_word' id='word_1_18' title='bbox 280 489 382 547; x_wconf 83' lang='lat' dir='ltr'>neque</span> <span class='ocrx_word' id='word_1_19' title='bbox 395 473 431 534; x_wconf 82' lang='lat' dir='ltr'>at</span> <span class='ocrx_word' id='word_1_20' title='bbox 441 472 560 547; x_wconf 78' lang='lat' dir='ltr'>aliquis</span> <span class='ocrx_word' id='word_1_21' title='bbox 575 475 702 533; x_wconf 82' lang='lat' dir='ltr'>ratione</span> <span class='ocrx_word' id='word_1_22' title='bbox 717 478 808 533; x_wconf 83' lang='lat' dir='ltr'>atenc</span> <span class='ocrx_word' id='word_1_23' title='bbox 826 474 983 547; x_wconf 73' lang='lat' dir='ltr'>ignorare</span> <span class='ocrx_word' id='word_1_24' title='bbox 996 474 1112 547; x_wconf 82' lang='lat' dir='ltr'>potest.</span> 
     </span>
     <span class='ocr_line' id='line_1_4' title="bbox 89 550 1079 630; baseline 0 -17"><span class='ocrx_word' id='word_1_25' title='bbox 89 553 316 627; x_wconf 84' lang='lat' dir='ltr'>Quamobrem</span> <span class='ocrx_word' id='word_1_26' title='bbox 331 552 402 613; x_wconf 92' lang='lat' dir='ltr'>dari</span> <span class='ocrx_word' id='word_1_27' title='bbox 416 550 532 627; x_wconf 88' lang='lat' dir='ltr'>nequit</span> <span class='ocrx_word' id='word_1_28' title='bbox 545 552 738 613; x_wconf 90' lang='lat' dir='ltr'>invincibilis</span> <span class='ocrx_word' id='word_1_29' title='bbox 753 552 939 629; x_wconf 71' lang='lat' dir='ltr'>ignorantia</span> <span class='ocrx_word' id='word_1_30' title='bbox 953 552 1012 611; x_wconf 88' lang='lat' dir='ltr'>Dei</span> <span class='ocrx_word' id='word_1_31' title='bbox 1027 550 1079 630; x_wconf 82' lang='lat' dir='ltr'>(l).</span> 
     </span>
    </p>

    <p class='ocr_par' dir='ltr' id='par_1_3' title="bbox 82 631 1122 1506">
     <span class='ocr_line' id='line_1_5' title="bbox 129 631 1113 703; baseline -0.001 -10"><span class='ocrx_word' id='word_1_32' title='bbox 129 634 255 693; x_wconf 88' lang='lat' dir='ltr'>Verum</span> <span class='ocrx_word' id='word_1_33' title='bbox 275 632 424 693; x_wconf 87' lang='lat' dir='ltr'>doctrina</span> <span class='ocrx_word' id='word_1_34' title='bbox 447 631 533 702; x_wconf 83' lang='lat' dir='ltr'>haec,</span> <span class='ocrx_word' id='word_1_35' title='bbox 552 631 612 691; x_wconf 87' lang='lat' dir='ltr'>etsi</span> <span class='ocrx_word' id='word_1_36' title='bbox 637 647 726 703; x_wconf 88' lang='lat' dir='ltr'>vera,</span> <span class='ocrx_word' id='word_1_37' title='bbox 754 631 977 692; x_wconf 69' lang='lat' dir='ltr'>declaratione</span> <span class='ocrx_word' id='word_1_38' title='bbox 1002 637 1113 692; x_wconf 89' lang='lat' dir='ltr'>tamen</span> 
     </span>
     <span class='ocr_line' id='line_1_6' title="bbox 85 710 1113 790; baseline 0 -19"><span class='ocrx_word' id='word_1_39' title='bbox 85 712 233 790; x_wconf 76' lang='lat' dir='ltr'>indiget.</span> <span class='ocrx_word' id='word_1_40' title='bbox 250 712 279 774; x_wconf 90' lang='lat' dir='ltr'>Si</span> <span class='ocrx_word' id='word_1_41' title='bbox 297 712 385 773; x_wconf 90' lang='lat' dir='ltr'>enim</span> <span class='ocrx_word' id='word_1_42' title='bbox 400 726 461 785; x_wconf 91' lang='lat' dir='ltr'>per</span> <span class='ocrx_word' id='word_1_43' title='bbox 473 712 662 790; x_wconf 78' lang='lat' dir='ltr'>naturalem</span> <span class='ocrx_word' id='word_1_44' title='bbox 682 710 928 787; x_wconf 67' lang='lat' dir='ltr'>intelligentiam</span> <span class='ocrx_word' id='word_1_45' title='bbox 952 710 1113 788; x_wconf 89' lang='lat' dir='ltr'>significa-</span> 
     </span>
     <span class='ocr_line' id='line_1_7' title="bbox 86 790 1114 869; baseline 0 -18"><span class='ocrx_word' id='word_1_46' title='bbox 86 797 182 852; x_wconf 84' lang='lat' dir='ltr'>retur</span> <span class='ocrx_word' id='word_1_47' title='bbox 197 792 288 852; x_wconf 89' lang='lat' dir='ltr'>solus</span> <span class='ocrx_word' id='word_1_48' title='bbox 314 791 515 861; x_wconf 88' lang='lat' dir='ltr'>intellectus,</span> <span class='ocrx_word' id='word_1_49' title='bbox 538 796 701 866; x_wconf 91' lang='lat' dir='ltr'>quatenus</span> <span class='ocrx_word' id='word_1_50' title='bbox 717 807 734 849; x_wconf 95' lang='lat' dir='ltr'>a</span> <span class='ocrx_word' id='word_1_51' title='bbox 750 792 875 851; x_wconf 88' lang='lat' dir='ltr'>ratione</span> <span class='ocrx_word' id='word_1_52' title='bbox 902 790 1114 869; x_wconf 84' lang='lat' dir='ltr'>distinguitur</span> 
     </span>
     <span class='ocr_line' id='line_1_8' title="bbox 85 870 1112 949; baseline 0.001 -19"><span class='ocrx_word' id='word_1_53' title='bbox 85 871 138 949; x_wconf 89' lang='lat' dir='ltr'>(ll,</span> <span class='ocrx_word' id='word_1_54' title='bbox 159 873 228 944; x_wconf 88' lang='grc'><strong>189,</strong></span> <span class='ocrx_word' id='word_1_55' title='bbox 248 871 327 948; x_wconf 85' lang='grc'><strong>193),</strong></span> <span class='ocrx_word' id='word_1_56' title='bbox 343 870 379 933; x_wconf 91' lang='lat' dir='ltr'>id</span> <span class='ocrx_word' id='word_1_57' title='bbox 401 874 491 930; x_wconf 90' lang='lat' dir='ltr'>esset</span> <span class='ocrx_word' id='word_1_58' title='bbox 505 870 649 930; x_wconf 89' lang='lat' dir='ltr'>alienum</span> <span class='ocrx_word' id='word_1_59' title='bbox 664 888 680 930; x_wconf 91' lang='lat' dir='ltr'>a</span> <span class='ocrx_word' id='word_1_60' title='bbox 696 875 810 931; x_wconf 87' lang='lat' dir='ltr'>mente</span> <span class='ocrx_word' id='word_1_61' title='bbox 829 871 976 943; x_wconf 91' lang='lat' dir='ltr'>Patrum;</span> <span class='ocrx_word' id='word_1_62' title='bbox 1004 873 1030 931; x_wconf 90' lang='lat' dir='ltr'>si</span> <span class='ocrx_word' id='word_1_63' title='bbox 1056 888 1112 931; x_wconf 93' lang='lat' dir='ltr'>au-</span> 
     </span>
     <span class='ocr_line' id='line_1_9' title="bbox 86 949 1109 1028; baseline 0.001 -18"><span class='ocrx_word' id='word_1_64' title='bbox 86 957 158 1010; x_wconf 85' lang='lat' dir='ltr'>tem</span> <span class='ocrx_word' id='word_1_65' title='bbox 172 968 238 1012; x_wconf 85' lang='lat' dir='ltr'>vox</span> <span class='ocrx_word' id='word_1_66' title='bbox 251 953 306 1013; x_wconf 91' lang='lat' dir='ltr'>illa</span> <span class='ocrx_word' id='word_1_67' title='bbox 320 952 461 1025; x_wconf 83' lang='lat' dir='ltr'>stmpteac</span> <span class='ocrx_word' id='word_1_68' title='bbox 470 950 685 1025; x_wconf 68' lang='lat' dir='ltr'>intelligentta</span> <span class='ocrx_word' id='word_1_69' title='bbox 697 949 887 1011; x_wconf 80' lang='lat' dir='ltr'>facultatem</span> <span class='ocrx_word' id='word_1_70' title='bbox 902 964 1109 1028; x_wconf 84' lang='lat' dir='ltr'>cognosceu-</span> 
     </span>
     <span class='ocr_line' id='line_1_10' title="bbox 88 1029 1112 1109; baseline 0.001 -19"><span class='ocrx_word' id='word_1_71' title='bbox 88 1030 121 1090; x_wconf 90' lang='lat' dir='ltr'>di</span> <span class='ocrx_word' id='word_1_72' title='bbox 134 1030 312 1109; x_wconf 87' lang='lat' dir='ltr'>significat,</span> <span class='ocrx_word' id='word_1_73' title='bbox 328 1036 492 1107; x_wconf 84' lang='lat' dir='ltr'>quatenus</span> <span class='ocrx_word' id='word_1_74' title='bbox 504 1030 631 1107; x_wconf 87' lang='lat' dir='ltr'>absque</span> <span class='ocrx_word' id='word_1_75' title='bbox 644 1030 752 1091; x_wconf 90' lang='lat' dir='ltr'>studio</span> <span class='ocrx_word' id='word_1_76' title='bbox 767 1034 800 1091; x_wconf 91' lang='lat' dir='ltr'>et</span> <span class='ocrx_word' id='word_1_77' title='bbox 808 1031 949 1107; x_wconf 82' lang='lat' dir='ltr'>formati</span> <span class='ocrx_word' id='word_1_78' title='bbox 960 1029 1112 1092; x_wconf 85' lang='lat' dir='ltr'>discursu</span> 
     </span>
     <span class='ocr_line' id='line_1_11' title="bbox 87 1108 1111 1187; baseline 0.002 -18"><span class='ocrx_word' id='word_1_79' title='bbox 87 1116 214 1172; x_wconf 91' lang='lat' dir='ltr'>etante</span> <span class='ocrx_word' id='word_1_80' title='bbox 235 1110 448 1173; x_wconf 89' lang='lat' dir='ltr'>scientificam</span> <span class='ocrx_word' id='word_1_81' title='bbox 471 1108 696 1187; x_wconf 76' lang='lat' dir='ltr'>reflexamque</span> <span class='ocrx_word' id='word_1_82' title='bbox 712 1110 1038 1180; x_wconf 86' lang='lat' dir='ltr'>demonstrationem,</span> <span class='ocrx_word' id='word_1_83' title='bbox 1056 1127 1111 1171; x_wconf 87' lang='lat' dir='ltr'>ve-</span> 
     </span>
     <span class='ocr_line' id='line_1_12' title="bbox 85 1189 1111 1269; baseline 0.002 -20"><span class='ocrx_word' id='word_1_84' title='bbox 85 1191 222 1252; x_wconf 86' lang='lat' dir='ltr'>ritatem</span> <span class='ocrx_word' id='word_1_85' title='bbox 236 1191 376 1269; x_wconf 86' lang='lat' dir='ltr'>detegit,</span> <span class='ocrx_word' id='word_1_86' title='bbox 399 1189 432 1250; x_wconf 92' lang='lat' dir='ltr'>id</span> <span class='ocrx_word' id='word_1_87' title='bbox 448 1191 656 1252; x_wconf 83' lang='lat' dir='ltr'>verissimum</span> <span class='ocrx_word' id='word_1_88' title='bbox 676 1195 737 1251; x_wconf 90' lang='lat' dir='ltr'>est.</span> <span class='ocrx_word' id='word_1_89' title='bbox 755 1190 903 1268; x_wconf 87' lang='lat' dir='ltr'>Cognitio</span> <span class='ocrx_word' id='word_1_90' title='bbox 927 1191 1012 1251; x_wconf 89' lang='lat' dir='ltr'>enim</span> <span class='ocrx_word' id='word_1_91' title='bbox 1037 1191 1111 1251; x_wconf 88' lang='lat' dir='ltr'>haec</span> 
     </span>
     <span class='ocr_line' id='line_1_13' title="bbox 84 1269 1110 1348; baseline 0.002 -19"><span class='ocrx_word' id='word_1_92' title='bbox 84 1286 156 1331; x_wconf 88' lang='lat' dir='ltr'>non</span> <span class='ocrx_word' id='word_1_93' title='bbox 171 1270 349 1348; x_wconf 87' lang='lat' dir='ltr'>opponitur</span> <span class='ocrx_word' id='word_1_94' title='bbox 360 1270 389 1331; x_wconf 90' lang='lat' dir='ltr'>ei</span> <span class='ocrx_word' id='word_1_95' title='bbox 404 1287 481 1347; x_wconf 70' lang='lat' dir='ltr'>que¹</span> <span class='ocrx_word' id='word_1_96' title='bbox 491 1270 659 1331; x_wconf 89' lang='lat' dir='ltr'>obtinetur</span> <span class='ocrx_word' id='word_1_97' title='bbox 674 1286 749 1331; x_wconf 90' lang='lat' dir='ltr'>cum</span> <span class='ocrx_word' id='word_1_98' title='bbox 762 1269 886 1341; x_wconf 83' lang='lat' dir='ltr'>medic,</span> <span class='ocrx_word' id='word_1_99' title='bbox 910 1270 971 1331; x_wconf 93' lang='lat' dir='ltr'>sed</span> <span class='ocrx_word' id='word_1_100' title='bbox 992 1270 1110 1331; x_wconf 91' lang='lat' dir='ltr'>dunta-</span> 
     </span>
     <span class='ocr_line' id='line_1_14' title="bbox 83 1348 1122 1426; baseline 0.002 -17"><span class='ocrx_word' id='word_1_101' title='bbox 83 1355 142 1410; x_wconf 85' lang='lat' dir='ltr'>xat</span> <span class='ocrx_word' id='word_1_102' title='bbox 158 1352 332 1413; x_wconf 82' lang='lat' dir='ltr'>excelsiori</span> <span class='ocrx_word' id='word_1_103' title='bbox 347 1356 380 1411; x_wconf 92' lang='lat' dir='ltr'>et</span> <span class='ocrx_word' id='word_1_104' title='bbox 394 1348 590 1411; x_wconf 78' lang='lat' dir='ltr'>scientifice.</span> <span class='ocrx_word' id='word_1_105' title='bbox 608 1352 642 1410; x_wconf 95' lang='lat' dir='ltr'>ln</span> <span class='ocrx_word' id='word_1_106' title='bbox 657 1350 720 1411; x_wconf 90' lang='lat' dir='ltr'>hoc</span> <span class='ocrx_word' id='word_1_107' title='bbox 736 1366 837 1410; x_wconf 88' lang='lat' dir='ltr'>sensu</span> <span class='ocrx_word' id='word_1_108' title='bbox 860 1350 964 1426; x_wconf 88' lang='lat' dir='ltr'>accipi</span> <span class='ocrx_word' id='word_1_109' title='bbox 985 1350 1122 1411; x_wconf 78' lang='lat' dir='ltr'>debent</span> 
     </span>
     <span class='ocr_line' id='line_1_15' title="bbox 82 1430 987 1506; baseline 0.001 -16"><span class='ocrx_word' id='word_1_110' title='bbox 82 1430 185 1491; x_wconf 87' lang='lat' dir='ltr'>verba</span> <span class='ocrx_word' id='word_1_111' title='bbox 198 1432 340 1504; x_wconf 80' lang='lat' dir='ltr'>Petrum,</span> <span class='ocrx_word' id='word_1_112' title='bbox 356 1434 395 1491; x_wconf 92' lang='lat' dir='ltr'>ut</span> <span class='ocrx_word' id='word_1_113' title='bbox 409 1446 448 1490; x_wconf 89' lang='lat' dir='ltr'>ex</span> <span class='ocrx_word' id='word_1_114' title='bbox 464 1430 671 1491; x_wconf 81' lang='lat' dir='ltr'>contextibus</span> <span class='ocrx_word' id='word_1_115' title='bbox 687 1430 873 1501; x_wconf 85' lang='lat' dir='ltr'>luculenter</span> <span class='ocrx_word' id='word_1_116' title='bbox 886 1436 987 1506; x_wconf 86' lang='lat' dir='ltr'>patet.</span> 
     </span>
    </p>
   </div>
   <div class='ocr_carea' id='block_1_3' title="bbox 83 1554 1160 1792">
    <p class='ocr_par' dir='ltr' id='par_1_4' title="bbox 83 1554 1160 1792">
     <span class='ocr_line' id='line_1_16' title="bbox 83 1554 1110 1629; baseline -0.001 -14"><span class='ocrx_word' id='word_1_117' title='bbox 83 1556 154 1615; x_wconf 81' lang='lat'>312.</span> <span class='ocrx_word' id='word_1_118' title='bbox 182 1590 222 1599; x_wconf 91' lang='lat'>-</span> <span class='ocrx_word' id='word_1_119' title='bbox 235 1555 342 1615; x_wconf 78' lang='lat' dir='ltr'>Tarsis</span> <span class='ocrx_word' id='word_1_120' title='bbox 357 1556 379 1613; x_wconf 90' lang='lat' dir='ltr'>l.</span> <span class='ocrx_word' id='word_1_121' title='bbox 410 1555 472 1613; x_wconf 84' lang='lat' dir='ltr'>Det</span> <span class='ocrx_word' id='word_1_122' title='bbox 497 1556 667 1614; x_wconf 83' lang='lat' dir='ltr'>earisterttta</span> <span class='ocrx_word' id='word_1_123' title='bbox 688 1556 728 1613; x_wconf 85' lang='lat' dir='ltr'>ab</span> <span class='ocrx_word' id='word_1_124' title='bbox 749 1554 878 1615; x_wconf 79' lang='lat' dir='ltr'>hancine</span> <span class='ocrx_word' id='word_1_125' title='bbox 906 1556 1110 1629; x_wconf 74' lang='lat' dir='ltr'>cognoscitur</span> 
     </span>
     <span class='ocr_line' id='line_1_17' title="bbox 119 1634 1109 1709; baseline 0.002 -16"><span class='ocrx_word' id='word_1_126' title='bbox 119 1650 186 1709; x_wconf 80' lang='lat' dir='ltr'>per</span> <span class='ocrx_word' id='word_1_127' title='bbox 201 1636 382 1694; x_wconf 76' lang='lat' dir='ltr'>discnrsnrn</span> <span class='ocrx_word' id='word_1_128' title='bbox 392 1635 530 1693; x_wconf 78' lang='lat' dir='ltr'>rationis</span> <span class='ocrx_word' id='word_1_129' title='bbox 551 1650 593 1695; x_wconf 88' lang='lat' dir='ltr'>eac</span> <span class='ocrx_word' id='word_1_130' title='bbox 612 1634 708 1694; x_wconf 79' lang='lat' dir='ltr'>aava</span> <span class='ocrx_word' id='word_1_131' title='bbox 731 1649 845 1693; x_wconf 83' lang='lat' dir='ltr'>rernrn</span> <span class='ocrx_word' id='word_1_132' title='bbox 865 1636 1109 1695; x_wconf 79' lang='lat' dir='ltr'>mandanarum</span> 
     </span>
     <span class='ocr_line' id='line_1_18' title="bbox 123 1711 1160 1792; baseline -0.002 -17"><span class='ocrx_word' id='word_1_133' title='bbox 123 1715 380 1775; x_wconf 78' lang='lat' dir='ltr'>consideratione</span> <span class='ocrx_word' id='word_1_134' title='bbox 394 1711 447 1792; x_wconf 76' lang='lat'>(2).</span> <span class='ocrx_word' id='word_1_135' title='bbox 504 1772 507 1780; x_wconf 79' lang='grc'><strong>,</strong></span> <span class='ocrx_word' id='word_1_136' title='bbox 544 1761 546 1764; x_wconf 58' lang='grc'><strong>,</strong></span> <span class='ocrx_word' id='word_1_137' title='bbox 1158 1732 1160 1735; x_wconf 94' lang='grc'><strong><em>·</em></strong></span> 
     </span>
    </p>
   </div>
   <div class='ocr_carea' id='block_1_4' title="bbox 79 1828 1154 2947">
    <p class='ocr_par' dir='ltr' id='par_1_5' title="bbox 83 1828 1108 2129">
     <span class='ocr_line' id='line_1_19' title="bbox 124 1828 1108 1905; baseline -0.001 -17"><span class='ocrx_word' id='word_1_138' title='bbox 124 1830 219 1889; x_wconf 87' lang='lat' dir='ltr'>Nota.</span> <span class='ocrx_word' id='word_1_139' title='bbox 236 1830 292 1889; x_wconf 88' lang='lat' dir='ltr'>llic</span> <span class='ocrx_word' id='word_1_140' title='bbox 307 1828 348 1889; x_wconf 91' lang='lat' dir='ltr'>de</span> <span class='ocrx_word' id='word_1_141' title='bbox 364 1832 481 1888; x_wconf 91' lang='lat' dir='ltr'>natura</span> <span class='ocrx_word' id='word_1_142' title='bbox 491 1828 692 1903; x_wconf 88' lang='lat' dir='ltr'>operationis</span> <span class='ocrx_word' id='word_1_143' title='bbox 708 1846 773 1905; x_wconf 90' lang='lat' dir='ltr'>qua</span> <span class='ocrx_word' id='word_1_144' title='bbox 789 1830 895 1889; x_wconf 89' lang='lat' dir='ltr'>Deum</span> <span class='ocrx_word' id='word_1_145' title='bbox 911 1829 1108 1889; x_wconf 83' lang='lat' dir='ltr'>existentem</span> 
     </span>
     <span class='ocr_line' id='line_1_20' title="bbox 84 1908 1105 1987; baseline 0.001 -19"><span class='ocrx_word' id='word_1_146' title='bbox 84 1910 319 1987; x_wconf 83' lang='lat' dir='ltr'>cognoscimus</span> <span class='ocrx_word' id='word_1_147' title='bbox 330 1909 447 1987; x_wconf 87' lang='lat' dir='ltr'>agitur,</span> <span class='ocrx_word' id='word_1_148' title='bbox 466 1908 642 1984; x_wconf 89' lang='lat' dir='ltr'>quominus</span> <span class='ocrx_word' id='word_1_149' title='bbox 655 1910 860 1986; x_wconf 89' lang='lat' dir='ltr'>inquiramus</span> <span class='ocrx_word' id='word_1_150' title='bbox 875 1914 986 1969; x_wconf 87' lang='lat' dir='ltr'>utrum</span> <span class='ocrx_word' id='word_1_151' title='bbox 1005 1908 1105 1969; x_wconf 89' lang='lat' dir='ltr'>ratio-</span> 
     </span>
     <span class='ocr_line' id='line_1_21' title="bbox 84 1988 1104 2065; baseline -0.001 -15"><span class='ocrx_word' id='word_1_152' title='bbox 84 1989 209 2050; x_wconf 85' lang='lat' dir='ltr'>oinium</span> <span class='ocrx_word' id='word_1_153' title='bbox 218 1988 301 2049; x_wconf 92' lang='lat' dir='ltr'>illud</span> <span class='ocrx_word' id='word_1_154' title='bbox 315 1988 498 2065; x_wconf 84' lang='lat' dir='ltr'>sitlongius</span> <span class='ocrx_word' id='word_1_155' title='bbox 513 1990 652 2063; x_wconf 88' lang='lat' dir='ltr'>petitum</span> <span class='ocrx_word' id='word_1_156' title='bbox 668 2005 706 2049; x_wconf 89' lang='lat' dir='ltr'>ac</span> <span class='ocrx_word' id='word_1_157' title='bbox 729 1988 901 2062; x_wconf 85' lang='lat' dir='ltr'>reflexum,</span> <span class='ocrx_word' id='word_1_158' title='bbox 928 2005 970 2049; x_wconf 92' lang='lat' dir='ltr'>an</span> <span class='ocrx_word' id='word_1_159' title='bbox 985 1991 1104 2064; x_wconf 91' lang='lat' dir='ltr'>sponte</span> 
     </span>
     <span class='ocr_line' id='line_1_22' title="bbox 83 2067 488 2129; baseline -0.005 0"><span class='ocrx_word' id='word_1_160' title='bbox 83 2084 144 2129; x_wconf 90' lang='lat' dir='ltr'>sua</span> <span class='ocrx_word' id='word_1_161' title='bbox 157 2074 192 2128; x_wconf 91' lang='lat' dir='ltr'>et</span> <span class='ocrx_word' id='word_1_162' title='bbox 205 2068 277 2129; x_wconf 89' lang='lat' dir='ltr'>sine</span> <span class='ocrx_word' id='word_1_163' title='bbox 290 2070 403 2129; x_wconf 89' lang='lat' dir='ltr'>labore</span> <span class='ocrx_word' id='word_1_164' title='bbox 421 2067 488 2128; x_wconf 89' lang='lat' dir='ltr'>fiat.</span> 
     </span>
    </p>

    <p class='ocr_par' dir='ltr' id='par_1_6' title="bbox 79 2148 1154 2947">
     <span class='ocr_line' id='line_1_23' title="bbox 122 2148 1105 2225; baseline -0.002 -16"><span class='ocrx_word' id='word_1_165' title='bbox 122 2150 298 2209; x_wconf 80' lang='lat' dir='ltr'>Probatur.</span> <span class='ocrx_word' id='word_1_166' title='bbox 324 2148 485 2209; x_wconf 90' lang='lat' dir='ltr'>Naturalis</span> <span class='ocrx_word' id='word_1_167' title='bbox 509 2150 622 2207; x_wconf 89' lang='lat' dir='ltr'>nostra</span> <span class='ocrx_word' id='word_1_168' title='bbox 648 2149 792 2225; x_wconf 85' lang='lat' dir='ltr'>cognitio</span> <span class='ocrx_word' id='word_1_169' title='bbox 820 2163 838 2207; x_wconf 94' lang='lat' dir='ltr'>a</span> <span class='ocrx_word' id='word_1_170' title='bbox 859 2163 965 2207; x_wconf 89' lang='lat' dir='ltr'>sensu</span> <span class='ocrx_word' id='word_1_171' title='bbox 983 2148 1105 2225; x_wconf 82' lang='lat' dir='ltr'>princi-</span> 
     </span>
     <span class='ocr_line' id='line_1_24' title="bbox 81 2226 1108 2307; baseline 0.003 -21"><span class='ocrx_word' id='word_1_172' title='bbox 81 2228 174 2304; x_wconf 90' lang='lat' dir='ltr'>pium</span> <span class='ocrx_word' id='word_1_173' title='bbox 189 2228 348 2305; x_wconf 72' lang='lat' dir='ltr'>sumittlt</span> <span class='ocrx_word' id='word_1_174' title='bbox 359 2227 433 2307; x_wconf 79' lang='grc'><strong>956)</strong></span> <span class='ocrx_word' id='word_1_175' title='bbox 449 2247 456 2287; x_wconf 91' lang='lat'>:</span> <span class='ocrx_word' id='word_1_176' title='bbox 473 2227 656 2305; x_wconf 81' lang='lat' dir='ltr'>hacmajor</span> <span class='ocrx_word' id='word_1_177' title='bbox 671 2234 720 2288; x_wconf 87' lang='lat' dir='ltr'>est</span> <span class='ocrx_word' id='word_1_178' title='bbox 732 2226 853 2303; x_wconf 88' lang='lat' dir='ltr'>dogma</span> <span class='ocrx_word' id='word_1_179' title='bbox 878 2227 968 2304; x_wconf 88' lang='lat' dir='ltr'>apud</span> <span class='ocrx_word' id='word_1_180' title='bbox 989 2244 1108 2288; x_wconf 87' lang='lat' dir='ltr'>omnes</span> 
     </span>
     <span class='ocr_line' id='line_1_25' title="bbox 80 2307 1101 2388; baseline 0 -21"><span class='ocrx_word' id='word_1_181' title='bbox 80 2308 294 2368; x_wconf 88' lang='lat' dir='ltr'>scholasticos</span> <span class='ocrx_word' id='word_1_182' title='bbox 305 2312 339 2368; x_wconf 88' lang='lat' dir='ltr'>et</span> <span class='ocrx_word' id='word_1_183' title='bbox 353 2309 537 2385; x_wconf 86' lang='lat' dir='ltr'>theologos,</span> <span class='ocrx_word' id='word_1_184' title='bbox 551 2308 616 2388; x_wconf 88' lang='lat' dir='ltr'>imo</span> <span class='ocrx_word' id='word_1_185' title='bbox 633 2310 666 2367; x_wconf 92' lang='lat' dir='ltr'>et</span> <span class='ocrx_word' id='word_1_186' title='bbox 680 2307 770 2383; x_wconf 90' lang='lat' dir='ltr'>apud</span> <span class='ocrx_word' id='word_1_187' title='bbox 784 2308 897 2368; x_wconf 87' lang='lat' dir='ltr'>Patres</span> <span class='ocrx_word' id='word_1_188' title='bbox 915 2308 1101 2386; x_wconf 81' lang='lat' dir='ltr'>vulgatissi-</span> 
     </span>
     <span class='ocr_line' id='line_1_26' title="bbox 80 2385 1105 2465; baseline 0 -18"><span class='ocrx_word' id='word_1_189' title='bbox 80 2403 175 2447; x_wconf 90' lang='lat' dir='ltr'>mum</span> <span class='ocrx_word' id='word_1_190' title='bbox 188 2385 419 2465; x_wconf 80' lang='lat' dir='ltr'>(3),spectatr&#39;rrt</span> <span class='ocrx_word' id='word_1_191' title='bbox 433 2403 509 2448; x_wconf 85' lang='lat' dir='ltr'>cant</span> <span class='ocrx_word' id='word_1_192' title='bbox 522 2388 562 2447; x_wconf 83' lang='lat' dir='ltr'>de</span> <span class='ocrx_word' id='word_1_193' title='bbox 577 2390 641 2447; x_wconf 86' lang='lat' dir='ltr'>Dea</span> <span class='ocrx_word' id='word_1_194' title='bbox 655 2390 777 2463; x_wconf 74' lang='lat' dir='ltr'>aattnr.</span> <span class='ocrx_word' id='word_1_195' title='bbox 794 2388 891 2463; x_wconf 80' lang='lat' dir='ltr'>Atqui</span> <span class='ocrx_word' id='word_1_196' title='bbox 914 2404 1032 2449; x_wconf 89' lang='lat' dir='ltr'>sensus</span> <span class='ocrx_word' id='word_1_197' title='bbox 1051 2403 1105 2448; x_wconf 88' lang='lat' dir='ltr'>res</span> 
     </span>
     <span class='ocr_line' id='line_1_27' title="bbox 79 2466 1154 2545; baseline 0.006 -19"><span class='ocrx_word' id='word_1_198' title='bbox 79 2467 257 2527; x_wconf 88' lang='lat' dir='ltr'>sensibiles</span> <span class='ocrx_word' id='word_1_199' title='bbox 291 2471 429 2542; x_wconf 86' lang='lat' dir='ltr'>tantum,</span> <span class='ocrx_word' id='word_1_200' title='bbox 464 2483 525 2528; x_wconf 91' lang='lat' dir='ltr'>seu</span> <span class='ocrx_word' id='word_1_201' title='bbox 547 2466 686 2527; x_wconf 80' lang='lat' dir='ltr'>effectus</span> <span class='ocrx_word' id='word_1_202' title='bbox 700 2469 827 2527; x_wconf 89' lang='lat' dir='ltr'>virtutis</span> <span class='ocrx_word' id='word_1_203' title='bbox 843 2467 914 2537; x_wconf 90' lang='lat' dir='ltr'>Dei,</span> <span class='ocrx_word' id='word_1_204' title='bbox 944 2466 1105 2545; x_wconf 87' lang='lat' dir='ltr'>detegere</span> <span class='ocrx_word' id='word_1_205' title='bbox 1149 2526 1154 2533; x_wconf 88' lang='lat'>.</span> 
     </span>
     <span class='ocr_line' id='line_1_28' title="bbox 79 2547 1104 2623; baseline 0 -16"><span class='ocrx_word' id='word_1_206' title='bbox 79 2549 208 2620; x_wconf 90' lang='lat' dir='ltr'>valent;</span> <span class='ocrx_word' id='word_1_207' title='bbox 225 2548 407 2623; x_wconf 88' lang='lat' dir='ltr'>spectabile</span> <span class='ocrx_word' id='word_1_208' title='bbox 423 2551 511 2609; x_wconf 90' lang='lat' dir='ltr'>enim</span> <span class='ocrx_word' id='word_1_209' title='bbox 524 2547 587 2606; x_wconf 90' lang='lat' dir='ltr'>hoc</span> <span class='ocrx_word' id='word_1_210' title='bbox 601 2549 794 2607; x_wconf 89' lang='lat' dir='ltr'>universum</span> <span class='ocrx_word' id='word_1_211' title='bbox 810 2548 958 2607; x_wconf 88' lang='lat' dir='ltr'>continet</span> <span class='ocrx_word' id='word_1_212' title='bbox 972 2552 1104 2608; x_wconf 89' lang='lat' dir='ltr'>natura-</span> 
     </span>
     <span class='ocr_line' id='line_1_29' title="bbox 81 2625 1103 2705; baseline 0.002 -20"><span class='ocrx_word' id='word_1_213' title='bbox 81 2627 147 2686; x_wconf 90' lang='lat' dir='ltr'>lem</span> <span class='ocrx_word' id='word_1_214' title='bbox 158 2628 220 2687; x_wconf 90' lang='lat' dir='ltr'>Dei</span> <span class='ocrx_word' id='word_1_215' title='bbox 234 2626 545 2699; x_wconf 84' lang='lat' dir='ltr'>manifestationem,</span> <span class='ocrx_word' id='word_1_216' title='bbox 571 2625 792 2688; x_wconf 86' lang='lat' dir='ltr'>sufficientem</span> <span class='ocrx_word' id='word_1_217' title='bbox 817 2632 854 2688; x_wconf 91' lang='lat' dir='ltr'>ut</span> <span class='ocrx_word' id='word_1_218' title='bbox 872 2627 971 2689; x_wconf 88' lang='lat' dir='ltr'>homo</span> <span class='ocrx_word' id='word_1_219' title='bbox 996 2630 1103 2705; x_wconf 91' lang='lat' dir='ltr'>possit</span> 
     </span>
     <span class='ocr_line' id='line_1_30' title="bbox 83 2706 1102 2785; baseline 0 -19"><span class='ocrx_word' id='word_1_220' title='bbox 83 2714 115 2767; x_wconf 93' lang='lat' dir='ltr'>et</span> <span class='ocrx_word' id='word_1_221' title='bbox 133 2707 259 2768; x_wconf 87' lang='lat' dir='ltr'>debeat</span> <span class='ocrx_word' id='word_1_222' title='bbox 273 2708 378 2767; x_wconf 89' lang='lat' dir='ltr'>Deum</span> <span class='ocrx_word' id='word_1_223' title='bbox 394 2706 597 2785; x_wconf 88' lang='lat' dir='ltr'>cognoscere</span> <span class='ocrx_word' id='word_1_224' title='bbox 613 2706 667 2785; x_wconf 79' lang='grc'>(4).</span> <span class='ocrx_word' id='word_1_225' title='bbox 680 2708 764 2785; x_wconf 84' lang='lat' dir='ltr'>Ergo</span> <span class='ocrx_word' id='word_1_226' title='bbox 790 2707 921 2770; x_wconf 88' lang='lat' dir='ltr'>nonnisi</span> <span class='ocrx_word' id='word_1_227' title='bbox 944 2724 1005 2784; x_wconf 91' lang='lat' dir='ltr'>per</span> <span class='ocrx_word' id='word_1_228' title='bbox 1028 2722 1102 2767; x_wconf 89' lang='lat' dir='ltr'>mo-</span> 
     </span>
     <span class='ocr_line' id='line_1_31' title="bbox 84 2786 1104 2859; baseline 0 -13"><span class='ocrx_word' id='word_1_229' title='bbox 84 2792 152 2846; x_wconf 91' lang='lat' dir='ltr'>tum</span> <span class='ocrx_word' id='word_1_230' title='bbox 168 2786 385 2849; x_wconf 90' lang='lat' dir='ltr'>discursivum</span> <span class='ocrx_word' id='word_1_231' title='bbox 400 2788 438 2847; x_wconf 89' lang='lat' dir='ltr'>ab</span> <span class='ocrx_word' id='word_1_232' title='bbox 456 2786 629 2848; x_wconf 81' lang='lat' dir='ltr'>effectibus</span> <span class='ocrx_word' id='word_1_233' title='bbox 650 2786 692 2847; x_wconf 91' lang='lat' dir='ltr'>ad</span> <span class='ocrx_word' id='word_1_234' title='bbox 719 2802 864 2859; x_wconf 90' lang='lat' dir='ltr'>causam,</span> <span class='ocrx_word' id='word_1_235' title='bbox 890 2788 997 2848; x_wconf 90' lang='lat' dir='ltr'>Deum</span> <span class='ocrx_word' id='word_1_236' title='bbox 1021 2787 1104 2847; x_wconf 86' lang='lat' dir='ltr'>exis-</span> 
     </span>
     <span class='ocr_line' id='line_1_32' title="bbox 81 2870 631 2947; baseline 0 -21"><span class='ocrx_word' id='word_1_237' title='bbox 81 2870 210 2927; x_wconf 89' lang='lat' dir='ltr'>tentem</span> <span class='ocrx_word' id='word_1_238' title='bbox 225 2883 428 2947; x_wconf 88' lang='lat' dir='ltr'>cognoscere</span> <span class='ocrx_word' id='word_1_239' title='bbox 442 2883 631 2944; x_wconf 77' lang='lat' dir='ltr'>possumus</span> 
     </span>
    </p>
   </div>
   <div class='ocr_carea' id='block_1_5' title="bbox 79 2971 1174 3131">
    <p class='ocr_par' dir='ltr' id='par_1_7' title="bbox 79 2971 1174 3131">
     <span class='ocr_line' id='line_1_33' title="bbox 111 2971 1174 3067; baseline 0.004 -16"><span class='ocrx_word' id='word_1_240' title='bbox 111 3005 146 3067; x_wconf 74' lang='lat' dir='ltr'>(n</span> <span class='ocrx_word' id='word_1_241' title='bbox 155 3006 183 3053; x_wconf 89' lang='lat' dir='ltr'>s.</span> <span class='ocrx_word' id='word_1_242' title='bbox 198 3005 303 3053; x_wconf 81' lang='lat' dir='ltr'>Paulus.</span> <span class='ocrx_word' id='word_1_243' title='bbox 318 3006 440 3064; x_wconf 72' lang='lat' dir='ltr'>annom,</span> <span class='ocrx_word' id='word_1_244' title='bbox 456 3004 479 3065; x_wconf 88' lang='lat'>1,</span> <span class='ocrx_word' id='word_1_245' title='bbox 493 3004 536 3056; x_wconf 79' lang='lat'>20.</span> <span class='ocrx_word' id='word_1_246' title='bbox 552 3004 618 3055; x_wconf 78' lang='lat' dir='ltr'>vioe</span> <span class='ocrx_word' id='word_1_247' title='bbox 636 3001 845 3055; x_wconf 81' lang='lat' dir='ltr'>contensonium.</span> <span class='ocrx_word' id='word_1_248' title='bbox 863 3004 953 3053; x_wconf 70' lang='lat' dir='ltr'>meat.</span> <span class='ocrx_word' id='word_1_249' title='bbox 969 3008 1066 3055; x_wconf 72' lang='lat' dir='ltr'>menta</span> <span class='ocrx_word' id='word_1_250' title='bbox 1078 3015 1103 3055; x_wconf 76' lang='lat' dir='ltr'>et</span> <span class='ocrx_word' id='word_1_251' title='bbox 1171 2971 1174 2980; x_wconf 50' lang='lat'><strong>¹</strong></span> 
     </span>
     <span class='ocr_line' id='line_1_34' title="bbox 79 3065 1022 3131; baseline 0 -16"><span class='ocrx_word' id='word_1_252' title='bbox 79 3068 168 3115; x_wconf 80' lang='lat' dir='ltr'>cardis</span> <span class='ocrx_word' id='word_1_253' title='bbox 181 3067 203 3115; x_wconf 90' lang='lat' dir='ltr'>l.</span> <span class='ocrx_word' id='word_1_254' title='bbox 219 3066 243 3128; x_wconf 87' lang='lat'>1,</span> <span class='ocrx_word' id='word_1_255' title='bbox 260 3066 308 3115; x_wconf 89' lang='lat' dir='ltr'>dis.</span> <span class='ocrx_word' id='word_1_256' title='bbox 322 3068 345 3127; x_wconf 78' lang='lat'>2,</span> <span class='ocrx_word' id='word_1_257' title='bbox 361 3084 385 3118; x_wconf 89' lang='lat' dir='ltr'>c.</span> <span class='ocrx_word' id='word_1_258' title='bbox 402 3068 425 3128; x_wconf 84' lang='lat'>1,</span> <span class='ocrx_word' id='word_1_259' title='bbox 437 3083 478 3131; x_wconf 91' lang='lat' dir='ltr'>sp.</span> <span class='ocrx_word' id='word_1_260' title='bbox 495 3066 525 3126; x_wconf 79' lang='lat'>23</span> <span class='ocrx_word' id='word_1_261' title='bbox 540 3067 622 3126; x_wconf 78' lang='lat' dir='ltr'>cotti,</span> <span class='ocrx_word' id='word_1_262' title='bbox 639 3066 729 3116; x_wconf 83' lang='lat' dir='ltr'>Theol.</span> <span class='ocrx_word' id='word_1_263' title='bbox 745 3070 819 3116; x_wconf 88' lang='lat' dir='ltr'>tract.</span> <span class='ocrx_word' id='word_1_264' title='bbox 836 3065 875 3127; x_wconf 91' lang='grc'>11,</span> <span class='ocrx_word' id='word_1_265' title='bbox 890 3081 914 3115; x_wconf 86' lang='lat' dir='ltr'>a.</span> <span class='ocrx_word' id='word_1_266' title='bbox 933 3065 955 3125; x_wconf 93' lang='grc'>1,</span> <span class='ocrx_word' id='word_1_267' title='bbox 973 3070 1022 3117; x_wconf 83' lang='lat' dir='ltr'>etc.</span> 
     </span>
    </p>
   </div>
   <div class='ocr_carea' id='block_1_6' title="bbox 108 3163 480 3225">
    <p class='ocr_par' dir='ltr' id='par_1_8' title="bbox 108 3163 480 3225">
     <span class='ocr_line' id='line_1_35' title="bbox 108 3163 480 3225; baseline 0.016 -14"><span class='ocrx_word' id='word_1_268' title='bbox 108 3163 145 3225; x_wconf 74' lang='lat'>(2)</span> <span class='ocrx_word' id='word_1_269' title='bbox 160 3163 238 3214; x_wconf 83' lang='lat' dir='ltr'>Cone.</span> <span class='ocrx_word' id='word_1_270' title='bbox 253 3163 338 3214; x_wconf 83' lang='lat' dir='ltr'>Vatia.</span> <span class='ocrx_word' id='word_1_271' title='bbox 352 3164 371 3212; x_wconf 92' lang='lat' dir='ltr'>l.</span> <span class='ocrx_word' id='word_1_272' title='bbox 387 3180 414 3215; x_wconf 86' lang='lat' dir='ltr'>c.</span> <span class='ocrx_word' id='word_1_273' title='bbox 477 3213 480 3217; x_wconf 88' lang='lat'>.</span> 
     </span>
    </p>
   </div>
   <div class='ocr_carea' id='block_1_7' title="bbox 79 3257 1103 3631">
    <p class='ocr_par' dir='ltr' id='par_1_9' title="bbox 79 3257 1103 3631">
     <span class='ocr_line' id='line_1_36' title="bbox 109 3257 1099 3323; baseline 0.003 -15"><span class='ocrx_word' id='word_1_274' title='bbox 109 3259 144 3321; x_wconf 78' lang='lat'>(3)</span> <span class='ocrx_word' id='word_1_275' title='bbox 158 3257 275 3323; x_wconf 65' lang='lat' dir='ltr'>Dionys„</span> <span class='ocrx_word' id='word_1_276' title='bbox 295 3262 407 3309; x_wconf 72' lang='lat' dir='ltr'>delita.</span> <span class='ocrx_word' id='word_1_277' title='bbox 427 3274 511 3319; x_wconf 68' lang='lat' dir='ltr'>nom„</span> <span class='ocrx_word' id='word_1_278' title='bbox 534 3276 560 3312; x_wconf 93' lang='lat' dir='ltr'>c.</span> <span class='ocrx_word' id='word_1_279' title='bbox 580 3260 602 3308; x_wconf 88' lang='lat'>1.</span> <span class='ocrx_word' id='word_1_280' title='bbox 617 3261 658 3316; x_wconf 74' lang='lat'>§4</span> <span class='ocrx_word' id='word_1_281' title='bbox 673 3264 700 3309; x_wconf 87' lang='lat' dir='ltr'>et</span> <span class='ocrx_word' id='word_1_282' title='bbox 718 3262 750 3310; x_wconf 86' lang='lat' dir='ltr'>de</span> <span class='ocrx_word' id='word_1_283' title='bbox 771 3260 835 3312; x_wconf 77' lang='lat' dir='ltr'>Cael.</span> <span class='ocrx_word' id='word_1_284' title='bbox 855 3260 943 3317; x_wconf 83' lang='lat' dir='ltr'>Hier‚-</span> <span class='ocrx_word' id='word_1_285' title='bbox 965 3276 987 3309; x_wconf 91' lang='lat' dir='ltr'>c.</span> <span class='ocrx_word' id='word_1_286' title='bbox 1004 3260 1027 3320; x_wconf 88' lang='lat'>1,</span> <span class='ocrx_word' id='word_1_287' title='bbox 1043 3266 1057 3317; x_wconf 70' lang='grc' dir='ltr'><strong>ἓ</strong></span> <span class='ocrx_word' id='word_1_288' title='bbox 1072 3262 1099 3321; x_wconf 88' lang='grc'>3;</span> 
     </span>
     <span class='ocr_line' id='line_1_37' title="bbox 79 3320 1103 3385; baseline -0.003 -13"><span class='ocrx_word' id='word_1_289' title='bbox 79 3320 158 3372; x_wconf 87' lang='lat' dir='ltr'>Clem.</span> <span class='ocrx_word' id='word_1_290' title='bbox 172 3321 257 3373; x_wconf 84' lang='lat' dir='ltr'>Alex..</span> <span class='ocrx_word' id='word_1_291' title='bbox 273 3322 695 3381; x_wconf 77' lang='lat' dir='ltr'>Srr0.11;rert.,beantma‚c.</span> <span class='ocrx_word' id='word_1_292' title='bbox 707 3337 783 3383; x_wconf 80' lang='lat' dir='ltr'>xv1113</span> <span class='ocrx_word' id='word_1_293' title='bbox 795 3322 911 3385; x_wconf 79' lang='lat' dir='ltr'>Origen,</span> <span class='ocrx_word' id='word_1_294' title='bbox 930 3323 1006 3373; x_wconf 79' lang='lat' dir='ltr'>Cant.</span> <span class='ocrx_word' id='word_1_295' title='bbox 1020 3322 1103 3383; x_wconf 66' lang='lat' dir='ltr'>Gelu,</span> 
     </span>
     <span class='ocr_line' id='line_1_38' title="bbox 79 3382 1101 3449; baseline 0.002 -20"><span class='ocrx_word' id='word_1_296' title='bbox 79 3382 96 3429; x_wconf 93' lang='lat' dir='ltr'>l.</span> <span class='ocrx_word' id='word_1_297' title='bbox 109 3384 167 3441; x_wconf 88' lang='lat' dir='ltr'>VH,</span> <span class='ocrx_word' id='word_1_298' title='bbox 182 3398 209 3431; x_wconf 85' lang='lat' dir='ltr'>rr.</span> <span class='ocrx_word' id='word_1_299' title='bbox 224 3383 269 3442; x_wconf 70' lang='lat'>313</span> <span class='ocrx_word' id='word_1_300' title='bbox 285 3385 380 3433; x_wconf 78' lang='lat' dir='ltr'>Athon.</span> <span class='ocrx_word' id='word_1_301' title='bbox 399 3386 477 3435; x_wconf 80' lang='lat' dir='ltr'>Cant.</span> <span class='ocrx_word' id='word_1_302' title='bbox 496 3386 587 3441; x_wconf 68' lang='lat' dir='ltr'>Gent„</span> <span class='ocrx_word' id='word_1_303' title='bbox 602 3400 627 3447; x_wconf 89' lang='lat' dir='ltr'>p.</span> <span class='ocrx_word' id='word_1_304' title='bbox 642 3384 674 3433; x_wconf 79' lang='grc'>19</span> <span class='ocrx_word' id='word_1_305' title='bbox 684 3386 734 3447; x_wconf 81' lang='lat' dir='ltr'>(eat.</span> <span class='ocrx_word' id='word_1_306' title='bbox 750 3385 891 3435; x_wconf 78' lang='lat' dir='ltr'>Parisien.</span> <span class='ocrx_word' id='word_1_307' title='bbox 912 3384 1012 3449; x_wconf 86' lang='lat' dir='ltr'>‚·Greg.</span> <span class='ocrx_word' id='word_1_308' title='bbox 1025 3386 1101 3444; x_wconf 76' lang='lat' dir='ltr'>Nan,</span> 
     </span>
     <span class='ocr_line' id='line_1_39' title="bbox 83 3443 1103 3507; baseline 0.001 -14"><span class='ocrx_word' id='word_1_309' title='bbox 83 3445 159 3493; x_wconf 86' lang='lat' dir='ltr'>Orat.</span> <span class='ocrx_word' id='word_1_310' title='bbox 180 3444 220 3505; x_wconf 78' lang='lat'>34,</span> <span class='ocrx_word' id='word_1_311' title='bbox 243 3461 273 3496; x_wconf 88' lang='lat' dir='ltr'>u.</span> <span class='ocrx_word' id='word_1_312' title='bbox 294 3445 385 3503; x_wconf 76' lang='lat'><strong>29-323</strong></span> <span class='ocrx_word' id='word_1_313' title='bbox 409 3443 478 3502; x_wconf 75' lang='lat' dir='ltr'>Bas,</span> <span class='ocrx_word' id='word_1_314' title='bbox 503 3447 565 3494; x_wconf 81' lang='lat' dir='ltr'>nala.</span> <span class='ocrx_word' id='word_1_315' title='bbox 580 3446 664 3507; x_wconf 66' lang='lat' dir='ltr'>Eure„</span> <span class='ocrx_word' id='word_1_316' title='bbox 680 3447 699 3495; x_wconf 93' lang='lat' dir='ltr'>l.</span> <span class='ocrx_word' id='word_1_317' title='bbox 716 3448 740 3507; x_wconf 77' lang='lat'>13</span> <span class='ocrx_word' id='word_1_318' title='bbox 755 3448 827 3498; x_wconf 89' lang='lat' dir='ltr'>bom.</span> <span class='ocrx_word' id='word_1_319' title='bbox 844 3444 873 3494; x_wconf 86' lang='lat' dir='ltr'>in</span> <span class='ocrx_word' id='word_1_320' title='bbox 886 3446 894 3493; x_wconf 92' lang='lat' dir='ltr'>i</span> <span class='ocrx_word' id='word_1_321' title='bbox 905 3446 967 3495; x_wconf 89' lang='lat' dir='ltr'>lud:</span> <span class='ocrx_word' id='word_1_322' title='bbox 985 3446 1103 3495; x_wconf 82' lang='lat' dir='ltr'>Attende</span> 
     </span>
     <span class='ocr_line' id='line_1_40' title="bbox 81 3507 1097 3571; baseline 0.003 -18"><span class='ocrx_word' id='word_1_323' title='bbox 81 3507 129 3555; x_wconf 84' lang='lat' dir='ltr'>tibi</span> <span class='ocrx_word' id='word_1_324' title='bbox 142 3507 197 3569; x_wconf 80' lang='lat' dir='ltr'>ipsi</span> <span class='ocrx_word' id='word_1_325' title='bbox 203 3523 212 3563; x_wconf 88' lang='lat'><em>;</em></span> <span class='ocrx_word' id='word_1_326' title='bbox 229 3508 305 3571; x_wconf 75' lang='lat' dir='ltr'>Aug,</span> <span class='ocrx_word' id='word_1_327' title='bbox 320 3508 352 3556; x_wconf 82' lang='lat' dir='ltr'>de</span> <span class='ocrx_word' id='word_1_328' title='bbox 370 3509 436 3557; x_wconf 83' lang='lat' dir='ltr'>Gen.</span> <span class='ocrx_word' id='word_1_329' title='bbox 448 3508 485 3555; x_wconf 83' lang='lat' dir='ltr'>ad</span> <span class='ocrx_word' id='word_1_330' title='bbox 499 3508 561 3568; x_wconf 69' lang='lat' dir='ltr'>rna,</span> <span class='ocrx_word' id='word_1_331' title='bbox 579 3508 597 3555; x_wconf 91' lang='lat' dir='ltr'>l.</span> <span class='ocrx_word' id='word_1_332' title='bbox 613 3508 658 3569; x_wconf 90' lang='lat' dir='ltr'>IV,</span> <span class='ocrx_word' id='word_1_333' title='bbox 673 3524 696 3557; x_wconf 82' lang='lat' dir='ltr'>r.</span> <span class='ocrx_word' id='word_1_334' title='bbox 712 3522 833 3568; x_wconf 82' lang='lat' dir='ltr'>xxx11‚n.</span> <span class='ocrx_word' id='word_1_335' title='bbox 848 3508 893 3569; x_wconf 82' lang='lat'>29;</span> <span class='ocrx_word' id='word_1_336' title='bbox 907 3509 997 3557; x_wconf 86' lang='lat' dir='ltr'>Enar.</span> <span class='ocrx_word' id='word_1_337' title='bbox 1009 3509 1038 3556; x_wconf 84' lang='lat' dir='ltr'>in</span> <span class='ocrx_word' id='word_1_338' title='bbox 1048 3508 1097 3557; x_wconf 74' lang='lat' dir='ltr'>Pa.</span> 
     </span>
     <span class='ocr_line' id='line_1_41' title="bbox 80 3568 874 3631; baseline 0.004 -15"><span class='ocrx_word' id='word_1_339' title='bbox 80 3582 172 3626; x_wconf 79' lang='lat' dir='ltr'>mm,</span> <span class='ocrx_word' id='word_1_340' title='bbox 187 3568 260 3631; x_wconf 78' lang='lat'>2-25,</span> <span class='ocrx_word' id='word_1_341' title='bbox 273 3574 299 3618; x_wconf 87' lang='lat' dir='ltr'>et</span> <span class='ocrx_word' id='word_1_342' title='bbox 312 3568 381 3629; x_wconf 90' lang='lat' dir='ltr'>alibi,</span> <span class='ocrx_word' id='word_1_343' title='bbox 393 3574 454 3631; x_wconf 64' lang='lat' dir='ltr'>etc„</span> <span class='ocrx_word' id='word_1_344' title='bbox 467 3575 517 3620; x_wconf 89' lang='lat' dir='ltr'>etc.</span> <span class='ocrx_word' id='word_1_345' title='bbox 871 3593 874 3599; x_wconf 60' lang='lat'>¹</span> 
     </span>
    </p>
   </div>
   <div class='ocr_carea' id='block_1_8' title="bbox 114 3658 891 3729">
    <p class='ocr_par' dir='ltr' id='par_1_10' title="bbox 114 3658 891 3729">
     <span class='ocr_line' id='line_1_42' title="bbox 114 3658 891 3729; baseline 0.009 -21"><span class='ocrx_word' id='word_1_346' title='bbox 114 3662 148 3725; x_wconf 83' lang='lat' dir='ltr'>(l)</span> <span class='ocrx_word' id='word_1_347' title='bbox 161 3658 243 3727; x_wconf 82' lang='lat' dir='ltr'>Epist.</span> <span class='ocrx_word' id='word_1_348' title='bbox 256 3661 290 3711; x_wconf 87' lang='lat' dir='ltr'>ad</span> <span class='ocrx_word' id='word_1_349' title='bbox 303 3662 390 3724; x_wconf 78' lang='lat' dir='ltr'>Rom,</span> <span class='ocrx_word' id='word_1_350' title='bbox 406 3662 432 3723; x_wconf 87' lang='lat' dir='ltr'>l,</span> <span class='ocrx_word' id='word_1_351' title='bbox 445 3661 475 3714; x_wconf 88' lang='grc'>18</span> <span class='ocrx_word' id='word_1_352' title='bbox 489 3676 558 3728; x_wconf 87' lang='lat' dir='ltr'>seq.;</span> <span class='ocrx_word' id='word_1_353' title='bbox 572 3662 691 3725; x_wconf 78' lang='lat' dir='ltr'>Illo-163</span> <span class='ocrx_word' id='word_1_354' title='bbox 705 3664 765 3729; x_wconf 88' lang='lat' dir='ltr'>Sap.</span> <span class='ocrx_word' id='word_1_355' title='bbox 775 3678 831 3726; x_wconf 69' lang='grc' dir='ltr'>ιω,</span> <span class='ocrx_word' id='word_1_356' title='bbox 842 3664 891 3716; x_wconf 88' lang='grc'><strong>1-9.</strong></span> 
     </span>
    </p>
   </div>
   <div class='ocr_carea' id='block_1_9' title="bbox 0 0 1326 4209">
    <p class='ocr_par' dir='ltr' id='par_1_11' title="bbox 0 0 1326 4209">
     <span class='ocr_line' id='line_1_43' title="bbox 0 0 1326 4209; baseline 0 4"><span class='ocrx_word' id='word_1_357' title='bbox 0 0 1326 4209; x_wconf 95' lang='lat' dir='ltr'> </span> 
     </span>
    </p>
   </div>
  </div>
 </body>
</html>
