2642 4209
243 290 447 334 usrsrursicn
469 258 680 369 srsciandklss
695 287 914 332 rsruuocoen.
1020 269 1076 332 177

63 403 192 477 labiles;
211 403 332 466 deinde
349 409 399 466 est
418 406 453 465 in
467 409 623 466 contactu
638 421 712 464 curn
727 402 1008 490 aliis-hominibus,
1036 419 1077 465 ex

32 508 39 565 g
63 501 203 564 quorum
217 487 390 560 presentia
404 486 544 546 allicitur
565 485 607 545 ad
623 501 717 545 suam
731 486 797 545 vim
812 485 970 561 loquendi
990 485 1076 544 evol-

33 588 35 633 :
62 563 213 626 vendam.
231 566 315 642 Ergo
331 567 421 626 nulla
444 563 651 642 deprehendi
678 568 789 641 potest
812 566 989 624 intrinseca
1014 562 1074 623 im-

32 650 35 715 }
63 644 260 722 possibilitas
274 649 308 704 in
328 661 368 706 eo
386 645 476 724 quod
490 647 588 707 homo
614 647 748 722 propria
771 644 932 706 industria
957 661 1077 704 sermo·

33 740 34 747 ¹
64 740 136 786 nem
149 725 306 785 inveniat.
740 786 743 792 ,

31 802 34 881 ζ
99 807 130 865 2⁰
155 803 301 881 idipsum
317 803 416 864 etiarn
430 820 497 865 non
511 803 642 867 videtur
653 805 850 865 extr-litemus
862 803 1075 881 impossibile,

64 885 215 946 nimirum
237 901 277 944 ex
301 889 394 960 parte
419 884 649 962 adjunctorum
667 903 673 948 ;
690 900 768 946 nam
792 886 821 944 1ο
836 883 1080 963 cognitionibus

31 984 34 1035 f
64 964 341 1025 intellectualibus
357 966 463 1024 ornari
478 971 586 1041 potest
607 965 706 1026 homo
727 981 791 1024 usu
812 964 974 1024 sermonis
997 979 1078 1026 non·

31 1056 39 1097 {-
67 1044 141 1104 dum
155 1043 270 1104 fruens
286 1044 333 1122 (ll,
349 1045 419 1118 283,
436 1043 507 1122 884)
525 1063 532 1103 :
551 1044 729 1123 haeoigitur
742 1043 1079 1104 'traditionalistarum

31 1158 43 1195 χ
65 1122 201 1184 formula
221 1148 233 1177 ι
252 1128 295 1184 ad
308 1141 403 1184 usum
419 1124 635 1200 tntetttbeutt'ae
650 1141 755 1184 sermo
769 1126 968 1184 necessarius
980 1131 1033 1192 est,
1051 1127 1079 1182 et

39 1208 166 1275 {sermo
182 1206 251 1264 stne
264 1203 480 1280 intellzyeottae
501 1221 570 1264 osu.
589 1205 763 1278 efformari
786 1207 903 1280 nequit,
930 1229 942 1256 ι
968 1204 1080 1279 inepta

40 1278 113 1349 est
147 1282 261 1361 quoad
296 1282 434 1360 primam
462 1288 602 1360 partem.
643 1284 802 1344 Praelerea
837 1288 868 1342 ‘l‘
906 1299 974 1343 non
1018 1283 1076 1344 de·

43 1384 45 1431 ε
64 1367 138 1424 sunt
153 1363 286 1440 objecta
300 1379 454 1424 sermone
470 1363 623 1433 effabilia,
640 1381 711 1440 que
735 1363 1000 1424 intellectualiter
1021 1379 1078 1441 ap·

46 1500 48 1521 ξ
65 1443 225 1521 prehendi
255 1448 405 1518 possunt.
423 1445 573 1520 Denique
594 1446 627 1505 3Ο
642 1446 691 1504 vis
708 1441 1080 1520 loquendi-sufficienter

46 1530 48 1535 ⁴
67 1525 227 1584 excitatur
241 1521 284 1583 ad
298 1540 391 1584 suam
407 1524 627 1585 evolutionem
647 1541 708 1601 per
732 1525 967 1584 commercium
991 1524 1080 1601 quod

49 1603 147 1666 inter
162 1605 312 1663 homines
327 1604 503 1665 intercedit
519 1622 525 1662 :
544 1621 584 1664 ex
600 1604 757 1674 amicitiae,
784 1603 978 1673 dilectionis,
1001 1608 1078 1674 etc„

53 1699 178 1752 sensu,
208 1682 384 1759 aliquando
413 1683 629 1744 vehementer
658 1684 794 1744 allicitur
821 1684 976 1744 lromoad
1004 1700 1080 1744 suas

53 1764 284 1841 cogitationes
299 1765 367 1824 aliis
384 1764 685 1824 communicandas.
702 1765 785 1840 Ergo
801 1764 867 1823 baec
892 1767 1001 1826 omnia
1023 1766 1081 1824 im-

74 1843 257 1903 edimenta
275 1859 348 1918 quae
365 1843 668 1906 aTradilionalistis
684 1851 930 1913 enumerantur,
953 1845 1083 1904 nonnisi

58 1939 108 1995 joc
125 1923 304 1998 anticipato
332 1928 495 2002 sylemale
525 1934 557 1986 et
585 1925 768 1985 rationibus
802 1941 819 1983 a
849 1924 948 1998 priori
975 1932 1083 1985 ortum

58 2003 205 2071 ducunt;
225 2005 441 2079 quamobrem
456 2005 554 2066 homo
577 2006 639 2066 sibi
653 2005 787 2065 relictus
810 2019 1000 2064 sermonem
1025 2021 1081 2065 cu-

67 2100 147 2144 iere
160 2085 331 2160 potuisset.

62 2170 66 2219 1:
103 2165 150 2224 lix
185 2165 323 2239 positiva
365 2163 465 2241 igitur
493 2167 526 2223 et
555 2162 747 2224 abundante
775 2164 834 2224 Dei
865 2163 1082 2242 benignitate,

91 2260 132 2304 on
168 2248 282 2314 autem
318 2248 455 2320 propter
486 2245 628 2321 aliquam
665 2243 922 2318 insuperabilem
963 2253 1084 2306 natura

102 2323 295 2400 digentiam,
316 2323 442 2401 primus
458 2323 557 2385 homo
572 2341 670 2385 usum
684 2323 846 2384 sermonis
862 2327 1001 2401 recepit.

401 2455 446 2505 111.
460 2455 498 2504 De
515 2455 708 2519 ontologismo(
727 2457 745 2516 l.

107 2573 177 2635 290.
195 2606 234 2616 -
255 2573 512 2652 Ontologismus,
536 2579 669 2636 auclore
687 2573 820 2634 Nicolao
842 2575 1082 2649 llalebranche‚

40 2654 41 2657 ’
68 2669 125 2721 rui
139 2655 172 2712 in
189 2652 298 2713 divina
314 2654 456 2715 essentia
469 2654 673 2715 intellectum
687 2659 837 2714 nostrum
850 2659 957 2718 omnia
972 2657 1085 2717 imme-

72 2731 159 2792 diate
175 2736 295 2795 intueri
312 2734 485 2795 arbitratus
501 2739 561 2806 est,
578 2734 724 2796 idearum
740 2735 900 2808 originem
916 2738 956 2796 ab
977 2740 1086 2796 trume-

64 2815 164 2874 dioto
187 2814 247 2873 Dei
271 2815 444 2876 intuitione
469 2817 599 2891 repetit.
625 2815 753 2874 Nomen
777 2831 793 2873 a
816 2815 985 2876 Vincentio
1010 2817 1087 2876 Glo-

71 2892 177 2953 bertio
206 2894 429 2972 excogitatum
459 2892 521 2954 fult
554 2893 596 2953 ad
636 2894 798 2953 rationem
835 2894 1088 2972 philosophandi

69 2972 297 3055 inducendam
343 2989 418 3052 quae
454 2975 495 3034 ab
532 2974 685 3051 objecto
706 2990 768 3033 seu
808 2974 849 3034 ab
890 2976 1091 3052 iutettr'qtbt'li

73 3053 221 3112 absoluto
237 3053 411 3120 ordiretur.
429 3054 579 3131 Systema
596 3053 842 3122 scholasticum,
867 3071 928 3132 per
954 3057 1090 3133 opposi-
1129 3053 1132 3057 ’

72 3134 211 3204 tionem,
236 3135 370 3194 nomine
394 3133 651 3210 psycboloyt'smt'
672 3133 868 3209 designarit,
898 3133 974 3197 ideo
1001 3136 1089 3213 quia,
1142 3166 1146 3172 ·

50 3214 55 3285 j
68 3211 162 3290 juxta
180 3212 301 3288 ipsum,
314 3231 333 3274 a
344 3215 506 3293 subjecto,
522 3218 705 3290 tanquama
722 3213 893 3289 principio,
909 3215 1089 3276 inchoaret.

46 3318 49 3361 ς
114 3295 144 3354 1⁰
160 3292 285 3354 Omnes
301 3295 447 3371 ontologi
462 3297 495 3356 in
509 3293 571 3353 hoc
589 3294 789 3353 conveniunt
811 3292 901 3369 quod
925 3297 957 3355 to
978 3297 1089 3356 imme·

73 3374 165 3434 diota
186 3376 248 3433 Det
264 3375 432 3435 trtuttrone
451 3374 645 3434 consisteret
668 3374 813 3451 cognitio
835 3375 1090 3436 intellectualis:

107 3513 143 3575 (a)
158 3513 293 3575 D.,'l¹hom.
308 3513 339 3561 P.
354 3513 375 3562 Ι.
390 3527 432 3576 qu.
447 3513 478 3562 45
491 3517 541 3562 art.
556 3512 585 3572 43
600 3527 642 3576 qu.
659 3511 689 3560 16
699 3516 748 3561 art.
763 3512 792 3572 33
808 3528 850 3576 qu.
865 3514 896 3561 84
911 3514 1020 3564 art.3et
1030 3517 1092 3579 seq.;

34 3576 39 3633 ff
75 3591 119 3639 qu.
135 3574 167 3624 88
187 3578 238 3623 art.
252 3573 277 3623 3.
293 3575 361 3623 -2.
376 3574 400 3622 2.
411 3591 453 3638 qu.
470 3574 515 3623 173
529 3579 577 3623 art.
593 3576 773 3624 1.-.-Corttra
791 3581 862 3635 nent.
881 3575 925 3624 lib.
940 3592 958 3625 1.
973 3593 1027 3640 cap.
1054 3579 1091 3627 11.

30 3644 36 3699 g
74 3662 107 3746 -1-
120 3651 162 3748 qu.
177 3635 244 3748 gisp.
259 3636 291 3685 de
309 3635 429 3686 Veritute
442 3651 485 3701 qu.
501 3635 539 3697 16,
554 3641 604 3686 art.
621 3651 644 3698 13
659 3637 692 3685 de
706 3637 854 3686 Virtutibus
864 3639 1037 3688 incolumem
1050 3655 1092 3704 qu.

29 3720 32 3727 ·
94 3713 163 3747 ,ειη
197 3734 203 3749 .

399 3780 481 3829 Bauv.
497 3779 571 3827 Pnn.
586 3779 616 3828 Τ.
634 3778 666 3828 ll.
681 3804 712 3815 -
727 3778 777 3865 12.ι
