2642 4209
218 254 279 315 214
526 270 707 316 anavranrun
728 270 929 315 rnrnosorrna

232 439 236 443 .
261 386 331 447 342.
355 421 393 430 —
414 387 524 447 senor.
546 385 758 447 Manifestum
781 392 831 445 est
852 388 957 446 Deum
972 402 1040 446 non
1057 383 1118 443 dici
1133 384 1233 463 ipsunt

222 483 286 525 esse
306 482 344 527 ac
367 466 393 525 si
416 474 505 527 esset
527 471 637 527 omnia
659 482 729 543 qua
760 472 846 533 snnt,
882 472 918 526 ut
952 465 1096 545 pessime
1124 462 1232 522 volunt

222 544 429 616 Pantlreistae;
454 546 515 606 sed
537 546 789 621 naappellatur,
803 552 980 622 propterea
1000 541 1091 621 quod
1106 557 1235 603 omnem

219 641 314 701 purae
340 626 547 701 perfectionis
580 626 765 685 realitatern
802 627 1039 703 complectitur.
1078 624 1167 683 Deus
1189 626 1236 681 est

225 718 285 764 ens
307 719 326 764 a
348 720 383 764 se
405 706 574 780 superare
594 707 629 765 in
649 704 855 780 plenitudine
888 704 1101 783 perfectionis
1137 705 1233 763 inten-

224 784 311 855 st'oa,·
330 784 397 844 haec
419 783 590 862 plenitudo
614 802 680 845 non
703 800 783 845 sane
805 787 965 847 extensive
980 782 1118 860 intelligi
1133 786 1235 861 potest

225 878 265 923 eo
288 880 390 924 sensu
421 865 512 941 quod
540 864 701 942 quidquid
722 881 789 925 non
810 864 890 925 nihil
911 871 971 935 est,
994 867 1036 926 sit
1059 878 1132 923 esse
1157 861 1232 922 divi-

224 960 316 1020 num.
340 943 499 1005 Creaturae
522 960 634 1005 coram
657 946 725 1004 Deo
748 945 866 1005 melius
890 952 922 1005 et
941 946 1064 1005 rectius
1088 942 1233 1004 dicuntur

225 1039 289 1083 non
323 1041 388 1084 esse
412 1041 512 1099 quam
547 1041 633 1095 esse,
657 1028 691 1084 et
712 1024 884 1102 analogice
907 1030 1030 1084 tanturn
1051 1022 1132 1083 ratio
1156 1024 1234 1082 entis

226 1101 344 1164 dicitur
364 1106 459 1165 simul
481 1103 522 1164 de
544 1106 613 1165 Deo
637 1104 734 1185 etde
759 1105 914 1165 creaturis
932 1104 1013 1183 (270,
1036 1100 1119 1179 271).

225 1223 297 1296 343Ἰ
312 1256 351 1266 —-
365 1227 472 1286 Tarsis
486 1227 538 1287 tlt.
554 1226 734 1287 necterentur
749 1232 793 1285 est
808 1227 846 1285 de
862 1227 996 1285 essentia
1010 1226 1081 1285 Dei.

266 1342 363 1401 Prot.
390 1344 412 1402 l.
436 1344 492 1403 Est
516 1343 722 1405 corollarium
737 1344 915 1418 superioris
931 1342 1055 1403 thesis:
1078 1358 1152 1401 cum
1167 1356 1233 1401 esse

228 1420 318 1499 quod
334 1423 402 1483 Deo
419 1422 636 1482 essentialiter
651 1427 685 1482 et
699 1424 830 1500 proprie
848 1422 1009 1492 convenit,
1033 1438 1101 1483 non
1121 1423 1160 1481 sit
1178 1438 1235 1481 esse

222 1502 388 1576 possibile,
414 1502 474 1562 sed
499 1520 564 1563 esse
587 1510 673 1575 actu,
702 1504 914 1579 consequitur
938 1502 1146 1563 existentiam
1172 1502 1233 1561 Deo

148 1583 152 1585 ’
230 1582 447 1643 essentialiter
462 1586 664 1658 competere.

272 1662 306 1721 ll.
334 1661 414 1722 lllud
437 1666 487 1723 est
513 1662 554 1721 de
576 1662 716 1722 essentia
734 1660 872 1738 alicujus
886 1661 934 1721 rei
950 1660 1039 1737 quod
1054 1660 1191 1738 primum
1206 1658 1233 1718 in

229 1741 289 1799 ista
304 1742 488 1817 concipitur
502 1746 535 1802 et
549 1740 620 1801 sine
637 1758 702 1819 quo
718 1742 784 1801 llaec
800 1758 854 1801 res
870 1738 998 1816 concipi
1013 1743 1129 1817 nequit
1146 1737 1231 1817 (275).

227 1821 327 1897 Atqui
342 1824 486 1882 essentia
501 1822 560 1882 Dei
576 1820 702 1897 concipi
722 1822 839 1898 nequit
852 1837 917 1881 non
936 1822 1081 1881 existens
1098 1840 1105 1879 ε
1121 1835 1195 1879 nam
1211 1820 1234 1878 si

228 1901 274 1960 ita
290 1902 530 1977 conciperetur,
547 1901 685 1963 deberet
699 1904 820 1977 pariter
839 1900 966 1977 concipi
986 1905 1022 1961 ut
1044 1900 1231 1961 determina-

228 1978 303 2039 bilis
335 1981 377 2041 ad
410 1980 619 2043 existendum
648 1982 702 2041 vel
731 1998 792 2056 per
818 1997 867 2051 se,
889 1982 942 2042 rel
963 1997 1024 2059 per
1045 1980 1142 2040 alium
1158 1999 1164 2039 :
1181 1978 1234 2039 sed

229 2063 385 2120 neutrum
401 2061 463 2122 dici
479 2068 586 2138 potest
603 2080 610 2120 :
627 2078 693 2121 non
709 2064 861 2136 primurn,
879 2076 955 2119 nam
971 2058 1061 2138 quod
1090 2065 1138 2121 est
1150 2074 1234 2119 mere

230 2140 388 2215 possibile
422 2140 608 2218 producere
643 2140 761 2219 nequit
796 2142 959 2201 actualem
995 2141 1197 2201 existentiam
1227 2159 1233 2197 :

230 2219 332 2281 Nemo
346 2222 401 2279 dot
416 2224 502 2297 quod
514 2238 577 2280 non
595 2222 700 2280 tabet.
726 2221 796 2282 Non
822 2221 919 2280 etiam
942 2220 1138 2293 secundum,
1161 2219 1235 2279 alio-

232 2299 312 2376 quin
325 2301 415 2360 Deus
431 2316 497 2361 non
514 2307 601 2361 esset
615 2301 720 2377 prima
737 2316 846 2360 causa.
863 2300 960 2379 Ergo.

231 2423 302 2484 344.
319 2458 357 2467 -
370 2426 477 2486 Tarsis
492 2426 542 2486 lV.
559 2429 645 2486 Deus
659 2429 704 2485 est
718 2425 868 2496 infinitus.

271 2541 354 2599 'Noto
379 2540 418 2601 1⁰.
444 2539 574 2617 Aliquid
594 2543 704 2615 potest
725 2538 788 2601 dici
803 2538 966 2599 infinitum
982 2538 1112 2599 duobus
1126 2537 1233 2608 modia,

232 2632 354 2695 nempe
392 2622 553 2691 intensive,
589 2619 622 2679 il
658 2624 708 2679 est
742 2619 928 2680 secundum
964 2620 1154 2695 qualitatem
1187 2621 1235 2677 aut

233 2700 374 2775 gradum
398 2700 622 2775 perfectionis,
647 2700 701 2760 vel
726 2702 895 2769 extensive,
921 2715 1043 2774 nempe
1063 2696 1234 2759 secundum

232 2792 408 2839 numerum
425 2780 560 2855 partium
582 2782 639 2839 aut
657 2777 849 2840 inferiorum
868 2780 987 2855 quibus
1007 2794 1043 2839 se
1069 2779 1234 2837 communi·

235 2874 310 2919 care
326 2865 446 2935 potest.
461 2860 517 2919 llic
532 2859 703 2921 evidenter
717 2860 824 2937 agitur
844 2858 885 2919 de
904 2858 1063 2920 infinitate
1085 2858 1234 2918 intensive

233 2943 375 3013 sumpta.
492 2939 495 2946 ’

272 3020 357 3079 Noto
370 3018 413 3079 2⁰.
430 3018 511 3079 Cum
529 3016 670 3079 infinitas
692 3033 711 3077 a
731 3019 897 3080 nonnullis
912 3017 1074 3089 theologis
1088 3018 1236 3077 habeatur

234 3101 392 3175 tanquam
409 3096 546 3159 formale
566 3098 812 3159 constitutivum
832 3105 864 3159 et
889 3100 1110 3159 distinctivum
1136 3112 1235 3157 essen-

235 3177 285 3237 tiae
309 3177 434 3248 divina,
461 3182 589 3254 oportet
612 3184 650 3238 ut
670 3178 704 3237 in
724 3176 876 3252 prasenti
901 3179 1096 3253 eloquamur
1121 3176 1162 3237 de
1187 3178 1236 3235 bac

231 3254 447 3333 perfectione,
475 3262 653 3334 antequam
677 3258 802 3319 scilicet
826 3258 868 3319 de
897 3256 1058 3319 attributis
1078 3259 1111 3316 in
1136 3256 1236 3333 specie

234 3335 450 3397 consideratis
464 3337 681 3412 disputemus,

273 3417 369 3477 Proh.
401 3416 482 3476 lllud
510 3417 627 3478 dicitur
655 3415 818 3478 infinitum
855 3416 943 3493 quod
979 3433 998 3476 a
1029 3432 1066 3477 se
1098 3418 1237 3477 removet

234 3510 368 3556 omnem
391 3496 619 3556 limitationem
643 3512 706 3557 seu
727 3493 1009 3574 imperfectionem
1031 3493 1125 3575 (441).
1150 3495 1237 3571 Atqui

233 3574 324 3635 Deus
351 3575 476 3634 nullam
499 3574 622 3637 babere
649 3579 761 3656 potest
784 3576 1014 3637 limitationem
1041 3592 1103 3638 seu
1130 3576 1237 3649 imper-

235 3650 423 3715 fectionem.
439 3654 536 3732 Ergo.
