2642 4209
279 284 478 331 usruarsma
500 284 655 331 seruitus
672 302 711 313 -
726 284 925 333 cosmatoau.
1070 263 1111 333 38

86 399 146 449 aiiae
159 412 229 457 vero,
243 402 276 448 'ut
288 398 382 448 animae
393 398 529 458 humanae,
542 402 602 448 sunt
622 397 772 449 substantiae
793 398 973 449 immateriales
995 398 1110 463 quidem,

87 459 134 511 se'd
156 461 316 525 incompleta
339 464 364 509 at
387 464 480 509 natura
501 474 546 509 sua
558 458 682 510 institutae
696 461 729 510 ad
750 458 940 511 informandam
953 462 1109 512 materiam:

88 520 157 573 unde
171 522 255 570 minus
271 521 374 586 proprie
388 520 510 571 dicuntur
528 521 859 593 i'ormaelsubsistentesaDe
879 524 972 593 forma·
984 522 1113 594 materiali

87 582 250 696 ῗίοῶξεηίωε
263 584 383 633 immersa
395 584 423 631 in
436 582 544 634 materia
557 588 690 647 spectatam
703 588 790 649 agitur
806 598 834 633 m
853 590 974 649 praesenta
995 586 1112 654 disputa-

129 721 184 783 iiis
207 718 392 797 praemissis,
411 721 571 797 quaeritur
589 719 670 797 quid
690 722 732 782 sit
744 718 851 783 forma
865 720 1114 783 substantialis?

90 802 207 863 Forma
227 801 415 877 generatim
439 806 489 859 est
514 798 548 859 id
574 799 665 877 quod
684 802 719 861 in
744 800 925 876 composito
951 817 1111 877 corporeo

89 877 221 957 perficit
234 894 295 939 seu
307 878 547 957 determinatii.
564 880 648 957 425).
665 877 764 941 Porro
779 881 968 959 subjectum
977 880 1112 958 aliquod

90 963 205 1037 potest
231 958 445 1019 determinari
468 958 536 1020 sive
560 958 604 1021 ad
632 975 706 1020 esse
730 960 945 1022 substantiale
973 962 1043 1023 sive
1069 954 1112 1022 ad

93 1054 171 1100 esse
187 1038 410 1112 accidentaie;
425 1036 461 1100 id
476 1038 568 1115 quod
582 1038 780 1100 determinat
793 1040 963 1103 materiam
979 1040 1021 1101 ad
1037 1056 1113 1102 esse

90 1119 331 1192 substantiam;
367 1136 399 1179 v.
434 1133 468 1195 g.
505 1117 546 1179 ad
568 1119 632 1179 taie
660 1119 867 1181 individuum
900 1134 1109 1197 corporeum,

92 1196 265 1269 mineraie,
282 1198 436 1277 vegetaie
450 1197 504 1258 vei
514 1199 665 1271 animale,
687 1203 738 1259 est
751 1198 857 1261 forma
872 1200 1110 1275 substantialis3

92 1277 129 1339 id
148 1279 241 1355 quod
265 1281 334 1339 enti
356 1294 418 1339 seu
436 1275 586 1355 subjecto
597 1277 671 1356 jam
686 1281 862 1341 constituto
882 1282 1007 1341 inesse
1032 1279 1111 1340 sub·

93 1358 236 1419 stantiaii
259 1372 336 1429 esse
358 1357 544 1418 secundum
563 1357 636 1419 'sive
652 1355 811 1437 adjacens
841 1358 909 1431 dat,
936 1364 987 1419 est
1009 1356 1114 1420 forma

93 1436 318 1510 accidentalis,
333 1452 403 1513 quae
414 1435 553 1513 proinde
561 1440 701 1498 sumitur
710 1455 769 1515 pro
783 1439 931 1516 quotibet
941 1438 1114 1508 accidente

93 1518 192 1673 {licui
221 1518 370 1595 subjecto
401 1514 611 1592 adveniente,
646 1536 677 1579 v.
708 1535 756 1597 g„
786 1518 918 1591 albede,
952 1519 1113 1598 nigrities.

122 1613 224 1657 uara:
1092 1621 1094 1624 ·

47 1742 50 1747 ,
135 1676 186 1738 56.
207 1679 236 1737 1⁰
251 1675 477 1737 substantiatis
490 1673 607 1749 forma,
625 1672 667 1736 de
683 1693 749 1755 qua
771 1678 840 1738 sola
853 1676 906 1738 bic
921 1677 1041 1754 agitur,
1058 1672 1115 1738 dat

96 1770 173 1817 esse
187 1756 414 1827 substantiale,
430 1758 572 1833 primurn
596 1760 683 1829 esst,
709 1757 799 1834 quod
823 1755 963 1831 proinde
987 1756 1115 1818 nulium

95 1835 187 1897 aliud
202 1837 358 1913 supponit
371 1837 437 1913 (ii*‚
453 1832 504 1915 53)
521 1854 528 1895 :
547 1838 597 1901 est
621 1837 712 1896 enim
734 1836 769 1897 id
792 1835 893 1914 quod,
916 1836 1113 1913 complendo

95 1915 280 1984 materiam,
306 1915 473 1977 constituit
496 1930 616 1992 corpus
638 1916 672 1975 in
696 1932 755 1976 sua
774 1916 929 1989 essentia,
949 1931 1012 1977 seu
1037 1916 1114 1979 sub*

95 1997 228 2057 stantia.
251 1996 352 2055 Recte
376 2011 455 2075 ergo
472 1993 615 2056 describi
634 1994 720 2055 solet
736 1995 842 2057 forma
855 1996 1078 2057 substantialis
1103 2012 1112 2055 t

95 2076 276 2137 substantia
287 2074 416 2151 pipsice
429 2074 633 2151 incompleta,
649 2078 795 2137 materiae
809 2077 1056 2136 determinativa
1069 2078 1115 2138 ad

96 2155 286 2228 sumendum
300 2170 417 2229 corpus
429 2153 583 2214 nattcraia
598 2151 691 2232 (422).

136 2235 170 2295 2ο
183 2235 241 2295 list
256 2236 290 2293 et
305 2230 423 2295 dicitur
436 2237 529 2294 actus
543 2232 669 2309 primus
689 2232 847 2310 corporis,
868 2235 955 2295 sicut
977 2235 1115 2295 materia

97 2314 202 2391 prima
221 2311 340 2374 dicitur
353 2328 437 2389 pura
450 2313 599 2390 potentia
612 2308 663 2391 (ii,
683 2312 754 2391 53);
773 2318 825 2374 est
845 2317 945 2385 actas,
973 2313 1049 2390 quia
1064 2318 1116 2374 est

97 2408 175 2473 pars
192 2395 398 2454 constituens
422 2396 456 2453 et
469 2391 709 2463 determinans;
728 2397 780 2454 est
802 2397 893 2453 actus
912 2393 1052 2468 primus,
1074 2408 1114 2453 eo

98 2472 191 2552 quod
205 2472 280 2532 huic
296 2472 425 2547 corpori
438 2472 579 2533 naturali
595 2470 653 2532 dat
673 2472 815 2549 primum
839 2486 925 2546 esse,
951 2470 1042 2549 quod
1065 2474 1118 2533 est

96 2551 253 2631 primaria
280 2551 375 2612 radix
403 2552 550 2613 omnium
577 2550 810 2624 accidentium,
843 2566 905 2611 seu
937 2548 1117 2613 formarum

98 2630 363 2693 accidentalium.

138 2712 171 2773 3⁰
186 2710 300 2773 Omnis
322 2708 427 2773 forma
442 2710 665 2772 substantialis
687 2708 829 2771 babetur
846 2713 884 2771 ut
898 2708 1119 2772 essentialiter

98 2791 253 2868 simplex,
276 2804 351 2851 cum
363 2790 494 2851 unicam
506 2790 683 2850 constituat
695 2790 922 2860 substantiam,
937 2787 998 2851 etsi
1012 2788 1119 2852 forma
1136 2831 1139 2835 -

98 2870 279 2932 materialis
302 2868 351 2948 (ii,
371 2865 423 2947 55)
437 2884 498 2946 per
511 2868 666 2931 accidens
679 2872 783 2946 possit
797 2885 871 2930 esse
896 2874 1034 2930 extensa
1056 2886 1118 2931 seu

99 2950 226 3011 habere
241 2948 468 3027 quantitatem,
485 2950 571 3010 sicut
586 2948 698 3026 ipsum
721 2948 940 3026 compositum
961 2948 1118 3012 substan·

99 3030 187 3091 tiele.

138 3111 191 3171 57.
212 3107 304 3168 -Iit
331 3108 550 3184 compositum
562 3106 785 3168 substantiale.
804 3108 834 3165 1⁰
858 3105 942 3168 iiiud
958 3109 1119 3185 composi·

100 3194 170 3251 tum
186 3186 396 3255 constituitur
409 3202 452 3247 ear
465 3187 639 3249 intrinseca
653 3190 830 3261 mutuaque
843 3188 962 3248 unicae
975 3188 1121 3249 materia

96 3270 218 3346 prima
242 3270 271 3327 et
294 3266 412 3337 formae
434 3265 665 3329 substantialis.
689 3266 775 3326 Dum
798 3268 936 3328 materia
962 3270 996 3327 et
1015 3264 1123 3327 forma

101 3345 332 3409 substantialis
345 3346 525 3407 intrinsece
538 3347 707 3418 uniuntur,
725 3360 799 3405 sese
818 3349 933 3405 mutuo
955 3344 1123 3423 complent

102 3443 142 3489 ac
168 3422 346 3503 perficiunt
364 3424 407 3486 ad
427 3422 692 3487 constituendam
716 3424 950 3497 substantiam;
976 3422 1122 3503 ideoque

101 3503 181 3568 unio
199 3504 318 3565 dicitur
332 3503 564 3578 substantiatis,
581 3502 658 3582 quia
679 3506 874 3565 terminatur
900 3502 942 3565 ad
967 3505 1123 3565 constitu-

103 3589 230 3650 tionem
244 3585 349 3660 ipsius
363 3584 564 3646 substantia.
578 3586 614 3645 in
623 3584 685 3645 hac
699 3582 935 3644 constitutione
951 3583 1125 3661 compositi

104 3664 343 3739 substantialis,
358 3662 497 3726 materia
510 3664 616 3739 prima
637 3661 750 3724 formae
771 3663 977 3726 substantiali
996 3664 1125 3741 prabet

437 3758 521 3809 Basv.
534 3756 609 3809 Pam.
624 3757 658 3811 Τ»
670 3757 703 3807 ll.
716 3782 749 3796 -
761 3755 788 3809 3.
