2642 4209
558 260 956 305 METAPHYStcA
998 258 1313 303 SPECIALls.
1353 277 1426 285 ——
1454 261 1666 305 Timor..
1710 261 1842 305 ΝΑΤ.
2100 244 2214 307 201

186 376 426 447 tracta,
498 388 632 435 non
700 378 920 453 potest
981 372 1138 435 dare
1215 374 1342 446 nisi
1412 377 1732 437 notionem
1771 375 2216 451 ,absa-actam,

183 468 385 514 secus
418 455 703 533 analysis
732 454 1149 535 (resolvendo
1181 455 1327 534 subj
1339 456 1580 534 ectum)
1611 458 1679 517 in
1717 457 1873 531 ipso
1893 455 2224 517 inveniret

188 533 379 609 quod
434 535 704 595 minime
761 534 1061 613 gentium
1123 534 1423 596 includit.
1487 537 1657 615 Ergo
1716 533 2005 615 analysis
2057 534 2223 597 ideae

184 614 364 673 entis
410 612 865 690 perfectissimi
902 614 1163 675 nonnisi
1208 618 1550 677 notionem
1597 616 1996 678 abstractam
2051 615 2218 677 exis·

182 694 412 755 tentiae
439 693 863 772 suppeditare
908 698 1150 771 potest.

225 771 333 833 Ad
356 776 630 850 ‚najorz‘s
649 775 1010 851 pleniorem
1032 775 1529 854 intelligentiam
1551 772 1909 836 notandum
1925 775 2218 854 estquod

182 849 696 914 fundamentum
717 856 920 933 -hujus
951 858 1323 933 argumenti
1354 860 1452 915 est
1471 855 1576 917 vel
1605 855 1757 916 idea
1783 851 2072 917 formalis
2113 856 2219 918 vel

181 932 336 1009 ipsa
363 932 519 994 idea
561 935 907 1013 objectiva,
940 940 1055 995 aut
1082 935 1138 994 si
1163 936 1281 1010 vis,
1314 934 1469 995 idea
1513 938 1840 1016 quatenus
1884 940 1985 995 est
2011 935 2218 1012 ipsius

182 1014 287 1073 rei
318 1013 784 1091 apprehensio,
831 1016 1049 1086 Perre,
1085 1016 1138 1075 si
1167 1021 1530 1091 poneretur
1561 1014 1739 1093 quod
1769 1015 1848 1077 sit
1876 1016 1945 1073 in
1983 1030 2057 1075 re
2095 1014 2210 1075 ali-

186 1093 354 1170 quid
388 1110 518 1171 quo
548 1095 763 1173 maJ'us
793 1095 1061 1175 cogitari
1092 1111 1226 1156 non
1274 1098 1497 1172 potest
1533 1094 1640 1174 (l),
1678 1095 1821 1173 jam
1866 1110 2217 1172 argumen-

185 1177 325 1233 tum
376 1172 689 1235 evaderet
731 1191 893 1251 pura
921 1176 1222 1251 principii
1260 1175 1489 1252 petitio
1545 1196 1562 1238 :
1616 1192 1697 1236 ex
1745 1174 2217 1251 praesupposita

185 1255 369 1315 enim
399 1255 521 1315 Dei
550 1255 918 1325 existentia,
952 1260 1296 1315 erueretur
1327 1255 1559 1315 eadem
1592 1254 1954 1315 existentia.
1990 1254 2054 1314 Si
2074 1256 2218 1331 pri-

181 1348 395 1405 mum,
428 1350 670 1411 nempe
702 1335 755 1395 si
782 1334 934 1397 idea
962 1333 1253 1395 formalis
1293 1336 1631 1396 constituit
1667 1334 2063 1411 principium
2094 1332 2217 1395 de·-

179 1415 702 1555 ωοῃὶῑῖἃιίοῐὲε,
746 1414 889 1493 jam
934 1416 1188 1494 analysi
1235 1415 1578 1493 subjicitur
1620 1416 1764 1493 ipsa
1813 1414 2214 1490 possibilitas

184 1496 253 1551 et
281 1494 352 1553 ni
400 1494 420 1553 i
476 1493 605 1554 aiu
660 1542 673 1555 .
1503 1507 1505 1510 ·

263 1575 487 1633 Minor
518 1574 859 1637 evolvitur.
900 1575 1171 1653 Analysi
1194 1576 1490 1637 instituta
1534 1573 1698 1635 ideae
1750 1575 1920 1634 entis
1962 1570 2212 1649 perfec-

183 1652 425 1713 tissimi
449 1653 751 1716 videmus
792 1656 859 1714 in
887 1655 1010 1714 hac
1051 1654 1204 1715 idea
1236 1656 1651 1715 existentiam
1698 1654 2046 1724 contineri;
2094 1652 2216 1713 sed

183 1733 539 1795 existentia
567 1734 702 1796 haec
729 1735 797 1794 in
824 1734 967 1810 ipso
990 1733 1223 1795 ordine
1246 1735 1443 1797 ideali
1467 1734 1838 1796 necessario
1865 1732 2213 1807 clauditur,

180 1812 524 1888 siquidem
572 1818 671 1874 est
719 1817 877 1874 nota
928 1830 1078 1893 quae
1130 1814 1505 1877 distrahitur
1551 1831 1588 1875 a
1632 1830 1812 1874 mero
1859 1818 2212 1889 conceptu,

182 1891 324 1967 qui,
346 1894 554 1967 juoeta
580 1894 999 1969 hypothesim,
1046 1894 1444 1973 objectivam
1485 1895 1691 1972 ipsius
1737 1893 1835 1955 rei
1881 1897 2215 1971 conceptae

178 1972 553 2033 realitatem
574 1990 695 2049 per
724 1990 797 2033 se
840 1988 975 2036 non
1003 1976 1334 2051 importat.

262 2053 610 2115 Enimvero
645 2055 987 2115 existentia
1023 2054 1372 2130 dupliciter
1403 2052 1805 2115 considerari
1836 2057 2078 2130 potest,
2109 2054 2212 2113 ni-
2274 2099 2280 2106 .

178 2133 427 2193 mirum
478 2136 535 2193 l⁰
576 2136 651 2192 ut
694 2133 901 2197 ideale
949 2136 1508 2210 complementum
1555 2133 1831 2211 alicujus
1879 2132 2208 2203 essentiae3

176 2213 275 2272 ita
342 2228 698 2290 possumus
753 2214 1125 2292 intelligere
1176 2214 1336 2291 quid
1383 2214 1465 2274 sit
1516 2214 1824 2285 existere,
1878 2211 2211 2290 quomodo

182 2290 631 2370 distinguatur
661 2296 945 2355 essentia
976 2296 1056 2355 ab
1083 2294 1427 2355 existentia
1460 2294 1642 2371 (288),
1685 2295 1821 2353 sive
1868 2293 1934 2353 in
1980 2291 2210 2352 ordine

178 2370 347 2442 reali
378 2376 445 2433 et
472 2373 771 2451 physicO,
803 2374 938 2434 sive
970 2376 1036 2433 in
1066 2373 1296 2435 ordine
1328 2373 1524 2434 ideali
1547 2377 1831 2445 tantum;
1857 2386 2211 2448 possumus

184 2454 481 2530 cogitare
512 2455 672 2514 alios
700 2453 986 2513 mundos
1019 2454 1402 2524 existenteS‚
1437 2458 1596 2527 etc.;
1629 2455 1692 2514 2⁰
1715 2453 1968 2528 concipi
1990 2454 2212 2528 potest

180 2536 260 2592 ut
299 2532 503 2593 realis
531 2537 731 2611 atque
766 2540 915 2594 actu
960 2539 1141 2595 extra
1170 2538 1487 2594 mentem.

266 2613 501 2688 Itaque
535 2613 989 2675 concludimus
1020 2614 1438 2675 existentiam
1459 2614 1651 2683 hanc,
1685 2626 1814 2688 ope
1846 2611 2205 2689 argumenti

187 2707 225 2750 a
243 2691 634 2755 simultaneo
664 2693 1013 2766 detectam,
1042 2710 1189 2755 esse
1209 2694 1621 2755 existentiam
1641 2690 1950 2763 idealem,
1976 2694 2208 2767 utpote

184 2770 505 2832 inclusam
531 2773 596 2833 in
625 2790 813 2833 mera
851 2777 1000 2835 idea
1030 2777 1199 2836 entis
1228 2771 1712 2851 perfectissimi.
1933 2829 1939 2835 .

267 2852 487 2912 Schol.
533 2853 899 2915 Notandum
952 2859 1052 2915 est
1096 2854 1276 2932 quod
1322 2855 1468 2914 haec
1514 2853 1667 2913 idea
1718 2850 2209 2913 distinctissima

188 2931 357 2992 entis
384 2931 868 3009 perfectissimi,
902 2938 1099 3010 prout
1140 2933 1410 3013 fingitur
1451 2934 1533 2993 ab
1584 2930 1996 3004 adversariis,
2049 2945 2208 3006 sup-

183 3011 371 3085 ponit
400 3014 638 3075 multas
665 3016 971 3075 notiones
1000 3015 1414 3090 theoloqz‘caS,
1449 3029 1572 3074 seu
1601 3016 1702 3072 est
1730 3014 1909 3073 notio
1943 3010 2210 3071 omnino

181 3090 565 3163 scientifica,
600 3108 749 3169 quae
791 3094 984 3155 variis
1014 3110 1089 3155 ac
1121 3095 1467 3155 subtilibus
1497 3091 1906 3171 argumentis
1959 3090 2210 3151 obtine-

181 3172 311 3231 tur.
346 3172 636 3234 Hahetur
667 3190 825 3253 ergo
860 3174 1005 3233 talis
1032 3174 1188 3236 idea
1215 3173 1283 3235 in
1312 3178 1536 3235 mente
1581 3188 1814 3234 eorum
1843 3170 1957 3248 qui
1986 3169 2221 3246 appri÷

181 3265 290 3310 me
324 3251 564 3313 callent
594 3258 946 3314 tractatum
988 3255 1068 3314 de
1107 3258 1261 3316 Deo,

260 3331 399 3391 318.
436 3366 513 3376 —
540 3337 885 3394 Sentenciae
912 3338 1212 3408 oppositae
1251 3336 1682 3409 fundamenta
1711 3329 2150 3391 excutiuntur.

260 3410 306 3470 I.
339 3411 500 3472 Tota
526 3413 624 3473 vis
669 3413 1045 3491 argumenti
1094 3413 1619 3475 adversariorum
1666 3409 1826 3470 inde
1876 3409 2219 3469 dimanare.

178 3487 461 3565 videtur,
497 3491 679 3570 quod
706 3493 841 3553 haec
866 3491 1191 3554 distinctio
1220 3493 1394 3555 inter
1423 3491 1838 3553 existentiam
1866 3489 2115 3550 realem
2145 3490 2209 3548 et

243 3661 309 3724 (1)
340 3662 377 3711 S
420 3661 542 3723 Th„
572 3660 598 3710 1
626 3676 699 3725 μ,
728 3677 779 3726 q.
807 3662 857 3723 2,
886 3678 934 3712 a.
968 3661 993 3710 1
1021 3660 1089 3710 ad
1113 3662 1164 3712 2.
