2642 4209
200 249 256 310 188
505 271 685 313 annvnmuu
706 262 908 311 rtrnos'ornna

197 379 319 449 Speeialis
332 379 414 429 forma
429 379 495 428 illius
505 381 649 443 systematis
663 397 678 430 a
698 381 812 432 Cartesio
826 379 972 428 introducta
987 377 1028 426 vix
1041 377 1222 427 contutatione

197 442 275 506 digna
287 443 335 502 est,
350 457 408 490 rum
423 441 554 492 manifesto
572 447 698 507 repugnat
722 441 897 506 experientiae,
910 446 936 490 et
950 439 984 488 sit
994 439 1097 488 omnino
1114 437 1224 509 inutilis

197 503 230 552 ad
243 504 418 568 explicandam
432 505 555 566 originem
570 505 694 564 idearum,
708 505 850 554 attendam
865 505 926 552 lalso
941 502 1067 551 innitatur
1088 502 1223 567 principio

197 567 265 630 quod
279 564 398 632 cogitatio
413 565 544 617 constituit
556 567 692 616 essentiam
702 567 794 616 animae
807 568 926 614 humanae
940 565 983 627 (ll.

509 702 513 710 ·
556 683 773 746 AllTlCULUS
802 685 854 744 lll.

567 821 612 878 lte
626 817 778 878 politione
791 815 845 895 (a).

237 945 305 1006 302.
324 981 362 990 -
375 948 544 1009 Volitionis
568 963 691 1008 nomen
715 949 799 1008 sumi
824 951 934 1024 potest
950 949 980 1008 1ο
1007 961 1066 1022 pro
1083 946 1220 1006 actione

195 1026 371 1087 voluntatis
388 1029 472 1088 cirea
486 1026 585 1088 finem
602 1027 752 1088 absolute
775 1032 960 1098 spectatum
977 1045 985 1084 :
1007 1027 1041 1086 in
1057 1043 1122 1102 quo
1136 1042 1219 1086 sen-
1298 1048 1300 1059 ·

196 1121 236 1165 su
250 1111 360 1181 potest
375 1109 473 1168 etiarn
487 1111 595 1168 vocari
611 1109 735 1184 primus
746 1109 920 1169 voluntatis
931 1111 1035 1178 aetus,
1050 1106 1124 1182 quia
1141 1106 1217 1166 nut-

196 1185 263 1244 lum
278 1187 421 1262 priorem
436 1189 601 1264 supponit,
619 1187 675 1248 llio
694 1214 706 1240 ‹
723 1189 874 1248 voluntas
890 1185 1023 1263 aliquid,
1039 1202 1106 1246 non
1127 1202 1215 1262 qua-

197 1270 294 1325 tenus
315 1283 457 1341 praesens
474 1272 530 1328 aut
543 1269 664 1330 absens
680 1270 815 1344 appetit,
833 1267 893 1327 sed
908 1267 1095 1342 simpliciter
1113 1269 1220 1342 prout

196 1350 228 1406 et
249 1347 373 1406 bonum
389 1348 556 1424 quoddam
572 1349 712 1408 amabile
727 1347 781 1426 (2).
807 1374 820 1401 ›
844 1350 876 1408 2⁰
896 1347 1006 1422 accipi
1028 1351 1137 1422 potest
1152 1361 1217 1422 pro
1298 1382 1300 1387 -

196 1426 344 1502 quolibet
377 1433 463 1496 actu,
499 1445 563 1506 quo
596 1430 747 1488 voluntas
778 1432 928 1488 versatur
960 1427 1046 1486 cirea
1085 1427 1219 1486 bonum
1298 1458 1300 1469 ·

195 1505 339 1582 aliquod,
368 1511 436 1569 sivo
462 1509 504 1568 sit
527 1507 686 1582 medium,
721 1509 789 1570 sive
812 1506 907 1568 finis:
934 1523 999 1583 quo
1024 1522 1125 1566 sensu
1160 1506 1218 1566 hic
1298 1552 1300 1555 .

195 1592 382 1661 usurpatur.
855 1597 859 1606 ’
1298 1642 1300 1659 ,

234 1667 351 1727 Volitio
374 1667 406 1727 in
421 1668 509 1741 facto
525 1685 590 1728 esse
604 1671 763 1743 spectata,
781 1666 967 1743 appellatur
979 1665 1216 1727 uoluntarium.
1298 1706 1300 1737 r

195 1743 419 1807 voluntarium
442 1763 521 1826 ergo
539 1753 588 1807 est
601 1748 633 1806 ld
649 1749 733 1822 quod
749 1749 898 1822 procedit
918 1763 939 1806 u
959 1746 1219 1816 voluntatemne
1298 1748 1300 1823 ζ

194 1829 374 1900 eopnttz'one
391 1828 474 1901 fois.
509 1827 574 1888 Sed
596 1826 778 1887 notandum
812 1830 862 1886 est
886 1828 1101 1887 voluntarium
1123 1825 1219 1885 sumi
1298 1864 1300 1905 ÷

194 1905 350 1979 possein
374 1923 475 1967 sensu
498 1907 563 1966 lato
588 1914 621 1967 et
641 1907 674 1966 in
701 1923 802 1966 sensu
823 1905 932 1966 stricto
960 1924 968 1966 τ
990 1907 1218 1966 voluntarium
1298 1908 1300 1963 ῐ

193 1984 257 2042 late
280 1991 459 2060 sumptum,
483 1992 661 2062 usurpatur
682 2004 740 2062 pro
758 2001 797 2045 eo
820 1988 909 2046 omni
925 1985 1015 2064 quod
1036 1983 1078 2045 ad
1091 1986 1217 2046 volun·
1298 1990 1300 1993 ’

195 2067 296 2124 tatem
318 2071 455 2140 spectat,
474 2067 541 2128 sive
566 2066 647 2126 illud
667 2067 708 2125 sit
728 2067 905 2127 voluntatis
929 2066 1108 2143 objectum,
1138 2065 1218 2124 sive
1298 2096 1300 2105 =

193 2142 278 2204 illius
301 2145 439 2206 effectus
457 2165 463 2204 :
481 2147 515 2205 in
536 2163 637 2206 sensu
659 2147 771 2207 stricto
793 2147 1012 2207 voluntarium
1033 2149 1220 2222 usurpatur
1298 2174 1300 2203 ι

194 2239 252 2298 pro
270 2241 309 2285 eo
334 2228 424 2286 omni
439 2232 514 2287 aotu
530 2232 562 2286 et
576 2233 668 2285 motu
684 2227 791 2285 elioito
809 2232 863 2285 aut
877 2228 1037 2301 imperato
1059 2241 1076 2283 a
1092 2227 1217 2285 volun-

193 2308 271 2364 tate.
303 2303 402 2366 Actus
425 2311 475 2366 est
499 2306 633 2376 altoltus
667 2304 799 2382 quando
822 2305 1012 2366 immediate
1041 2303 1170 2381 pendet
1199 2322 1220 2364 a
1298 2362 1300 2365 .

192 2384 357 2444 voluntate
376 2405 382 2444 :
401 2385 519 2446 dieitur
533 2388 720 2459 imperatus
738 2384 870 2462 quando
892 2386 1045 2447 voluntas
1073 2385 1125 2445 vel
1145 2383 1217 2444 sibl
1298 2450 1300 2457 ,

193 2464 267 2539 ipsi,
290 2464 342 2524 vel
357 2464 426 2525 aliis
448 2462 655 2526 facultatibus
670 2466 821 2540 imperat.

231 2544 457 2606 Voluntarlurn
473 2545 562 2624 quod
587 2545 768 2620 procedite
784 2545 954 2606 voluntate
979 2545 1123 2621 seipsam
1146 2540 1218 2602 de-
1298 2560 1300 2581 =

193 2623 389 2684 terminante
421 2641 494 2684 oun‘r
517 2626 662 2701 potentia
684 2627 726 2686 ad
749 2627 948 2700 oppositum,
982 2624 1102 2684 dieitur
1125 2622 1217 2682 libe·
1298 2694 1300 2699 Ι

191 2718 282 2777 rum3
300 2705 517 2780 quamobrem
533 2705 575 2765 ad
587 2711 695 2764 aetum
707 2705 848 2764 liberum
863 2705 1042 2782 requiritur
1059 2707 1088 2765 l⁰
1104 2704 1216 2777 coynt-

190 2782 235 2840 tz'o
266 2787 294 2842 et
316 2787 446 2844 intentio
474 2782 557 2856 finis
584 2800 681 2860 quarn
704 2785 923 2845 voluntarium
948 2786 1019 2863 jam
1055 2783 1215 2860 exquirit;
1248 2778 1253 2788 '

191 2862 224 2921 2⁰
247 2863 450 2923 Consilium:
477 2879 554 2924 nam
576 2865 731 2925 subaudit
758 2863 939 2925 formaliter
967 2865 1147 2941 potentiani
1170 2861 1217 2921 ad

191 2943 391 3017 oppositum,
419 2943 564 3021 ideoque
588 2961 671 3020 opus
694 2950 744 3005 est
767 2948 896 3005 actione
921 2945 1123 3007 intellectus,
1147 2957 1217 3018 qua

190 3021 277 3081 varin
300 3020 353 3098 (ei.
379 3027 400 3082 t.
426 3021 477 3099 lll)
499 3025 710 3102 inquiruntur
730 3023 840 3084 media
862 3023 906 3083 ad
928 3021 1030 3084 finem
1055 3023 1213 3084 obtinen-

192 3099 286 3171 dum;
303 3103 335 3162 3ο
350 3102 553 3175 deliberatio,
571 3106 647 3182 quia
663 3107 744 3164 ratio
756 3103 886 3182 judicat
907 3104 983 3164 talia
1004 3102 1116 3164 media
1137 3116 1216 3162 esse

190 3181 298 3258 magis
312 3180 433 3242 idonea
449 3182 606 3244 adfinem
629 3184 845 3260 propositum.

221 3307 255 3368 (l)
270 3307 329 3357 Vid.
344 3309 474 3372 Palmieri,
489 3312 557 3361 Inst.
570 3313 632 3374 ph„
647 3312 780 3376 Anthrop.
797 3327 870 3374 e.1v,
885 3313 922 3361 th.
936 3311 981 3372 34;
997 3287 1115 3375 Zigliara,
1132 3310 1219 3358 Sunt·

206 3369 254 3418 tit.
270 3369 376 3434 Psyob„
388 3368 406 3420 l.
422 3373 466 3434 tv,
481 3388 504 3422 c.
518 3374 543 3434 2,
558 3373 606 3424 a3.
1298 3384 1300 3390 “

225 3477 258 3538 (a)
269 3477 301 3526 D.
317 3479 408 3528 Thom.
422 3483 444 3528 lr
459 3499 519 3544 .qu.
531 3483 561 3532 10
574 3492 624 3532 art.
639 3485 667 3532 2³
680 3501 740 3548 .qn.
751 3501 776 3533 vi
789 3486 824 3533 de
831 3485 906 3543 Melo
919 3511 950 3522 -
963 3500 1005 3548 qq.
1016 3485 1081 3549 disp.
1096 3485 1128 3533 de
1142 3484 1219 3533 Veri·

202 3545 255 3599 ate,
270 3553 313 3602 qu.
328 3541 368 3590 22.
377 3543 409 3589 ote
422 3543 560 3592 voluntate
577 3549 628 3594 art.
640 3545 665 3594 6.

229 3639 265 3703 (2)
278 3640 399 3704 Frassem
414 3645 466 3694 Ph.
480 3659 559 3708 mon,
571 3653 633 3696 sect.
647 3649 691 3700 VI.
