2642 4209
222 234 283 299 ‹254
502 272 511 297 .·
531 256 712 301 nnuvrnnron
732 256 934 301 ruinosonnrm
974 242 976 251 ’

227 369 407 447 propositio
429 385 497 429 non
520 373 725 445 potestesse
748 374 811 432 nisi
831 388 909 433 vera
934 376 990 432 aut
1010 370 1104 433 falsa.
1129 372 1240 449 ltaque

228 448 347 511 eadem
372 452 421 508 est
443 452 525 509 ratio
551 467 609 527 pro
642 456 794 528 utraque.
824 452 923 531 Atqui
949 453 1037 511 Deus
1071 454 1241 529 cognoscit

226 533 320 591 actus
341 528 473 601 liberos
491 532 546 606 qui
568 545 686 607 reapse
710 532 895 604 eliciuntur,
919 533 1019 592 etiam
1040 532 1075 591 in
1096 533 1241 607 ipsorum

228 610 390 687 obJectiva
405 610 554 669 veritate.
578 612 663 688 Ergo
688 614 835 672 remanet
856 619 892 673 ut
912 610 1019 672 futura
1040 611 1148 671 libera
1170 626 1240 671 con-

227 688 385 749 ditionata
400 690 499 749 etiam
522 694 745 768 cognoscatin
757 691 886 769 seipsis
908 706 1030 769 nempe
1045 691 1118 751 sine
1134 690 1240 751 medio

229 774 262 830 et
282 770 317 827 in
331 772 477 846 ipsorum
498 768 662 848 objectiva
677 773 826 832 veritate.

250 848 339 929 432,
362 883 401 893 -κ
429 848 537 909 Senot.
560 850 645 911 Nihil
666 855 833 929 repugnat
857 849 947 927 quod
968 849 1135 928 objectum
1158 865 1236 909 nuu-

228 944 329 1005 quarn
359 935 434 989 actu
456 926 614 999 futurum,
646 929 688 989 sit
719 936 830 991 tamen
860 928 921 990 Dei
951 931 1145 1006 conspectui
1170 934 1239 989 actu

227 1024 371 1085 praesens
395 1026 401 1067 :
419 1010 452 1069 in
466 1024 503 1069 se
527 1010 616 1069 enim
638 1016 670 1069 et
685 1010 847 1087 objective
860 1014 910 1071 est
925 1009 1094 1087 quoddam
1115 1024 1237 1078 verum,

227 1088 305 1148 licet
326 1092 402 1148 actu
422 1104 490 1148 non
518 1092 560 1147 sit
590 1088 714 1165 aliquid
744 1090 927 1169 physicum.
960 1091 1015 1150 Est
1044 1092 1135 1149 certo
1171 1089 1237 1164 plus

229 1167 386 1245 quIddam
410 1184 509 1244 quam
530 1169 687 1245 possibile
709 1168 891 1242 internum;
926 1168 1135 1231 conditiones
1167 1184 1235 1245 quae

228 1250 357 1309 suntin
379 1247 495 1308 ordine
516 1248 597 1308 reali
620 1253 653 1309 et
684 1250 819 1327 physico
852 1252 1094 1310 connexionem
1126 1264 1233 1325 quarn·

230 1326 307 1387 dam
326 1327 449 1388 habent
471 1344 546 1388 cum
565 1329 645 1387 illo:
671 1334 811 1390 eatenus
832 1334 909 1389 sunt
930 1329 1137 1390 conditiones
1160 1343 1241 1405 qua·

228 1412 325 1467 tenus
346 1408 540 1468 relationem
560 1408 686 1469 habent
707 1409 750 1469 ad
770 1410 860 1470 illum
882 1406 1173 1469 actumfuturum.·

575 1538 607 1587 11.
621 1540 661 1589 De
676 1540 814 1590 voluntate.

268 1645 339 1706 433,
355 1678 395 1687 -
418 1646 503 1714 Quid
516 1649 544 1704 et
559 1647 739 1724 qnotnplen
752 1650 792 1707 sit
807 1646 957 1707 oolnntns
969 1646 1105 1705 divine?

269 1726 476 1787 intellectum
497 1723 642 1787 divinum
665 1726 780 1787 ordine
806 1731 927 1787 nature
958 1724 1107 1802 sequitur
1134 1722 1235 1787 divina

228 1805 388 1875 voluntas
413 1821 483 1880 quae
505 1819 572 1865 non
592 1812 702 1881 potest
717 1806 843 1881 concipi
865 1812 901 1865 ut
922 1805 1079 1881 potentia.
1105 1818 1180 1881 quae
1195 1803 1234 1865 di-

228 1899 343 1944 versos
358 1882 496 1945 eliceret
515 1890 623 1957 actus;
647 1887 708 1948 sed
721 1891 771 1947 est
792 1892 882 1945 actus
898 1886 1089 1961 purissimus
1112 1882 1232 1958 unicus

229 1979 288 2024 seu
302 1966 374 2040 ipsa
396 1964 504 2025 divina
527 1968 670 2026 essentia
685 1966 745 2027 suh
757 1966 882 2026 ratione
904 1965 1067 2026 volitionis
1079 1967 1233 2041 spectata.

270 2044 337 2103 Sed
357 2045 424 2104 haec
445 2042 570 2108 infinita
590 2046 699 2105 volitio
737 2048 921 2106 eminenter
941 2046 1112 2121 aequivalet
1132 2044 1235 2105 multis

230 2124 369 2196 actibus,
410 2140 471 2185 seu
502 2123 545 2184 ad
581 2126 686 2185 multa
730 2125 861 2204 objecta
902 2123 1031 2185 diversa
1077 2124 1234 2183 terminari

228 2207 349 2279 potest,
374 2206 407 2265 in
429 2221 500 2281 quae
521 2203 673 2286 voluntas
695 2210 803 2265 ereata
837 2204 968 2265 nonnisi
999 2220 1061 2281 per
1090 2203 1233 2264 diversos

230 2288 323 2344 actus
343 2283 421 2344 ferri
444 2284 514 2361 quit
537 2303 545 2344 ε
569 2285 786 2362 quamohrem
807 2285 874 2345 haec
904 2286 1068 2354 voluntas
1099 2283 1178 2344 licet
1206 2284 1234 2343 in

229 2378 266 2423 se
288 2380 354 2423 una
376 2368 408 2423 et
429 2363 678 2440 simplicissima,
702 2368 813 2441 potest
835 2367 955 2432 tamen,
979 2364 1105 2423 ratione
1127 2360 1235 2423 harum

230 2445 499 2505 terminationum
532 2445 621 2505 varie
656 2447 767 2521 partiri
801 2462 807 2502 :
840 2443 903 2504 imo
927 2443 1155 2504 distinctiones
1176 2442 1236 2502 ista

230 2524 384 2584 virtuales
405 2524 593 2585 necessario
616 2531 692 2584 sunt
714 2522 924 2583 admittendae
946 2522 995 2601 (ll,
1019 2520 1101 2599 365).

271 2604 361 2665 Solet
381 2606 491 2680 itaque
514 2603 614 2664 dividi
637 2607 667 2665 1⁰
696 2606 730 2665 in
760 2603 961 2666 voluntalem
993 2602 1234 2673 antecedentem,

230 2700 292 2744 seu
308 2685 467 2759 primone,
491 2688 524 2743 et
544 2685 747 2745 voluntatem
770 2686 1018 2758 consequentem,
1041 2696 1103 2741 seu
1129 2698 1232 2741 secnn·

228 2767 316 2832 dnm‚
346 2768 444 2839 prout
464 2764 590 2825 ratione
618 2764 801 2839 concipitur
825 2768 862 2822 ut
888 2762 977 2838 prior
999 2762 1053 2823 vel
1078 2762 1235 2837 posterior

228 2846 425 2920 praevisione
449 2847 583 2904 actuum
603 2843 786 2904 liberorum
809 2846 984 2914 creaturam
1008 2839 1155 2917 ideoque
1176 2856 1233 2916 pre

187 2938 190 2941 ’
228 2923 337 3000 aliquo
360 2924 497 2985 termino
519 2939 581 2984 seu
602 2939 644 2983 ex
666 2930 756 2999 parte
778 2923 952 2983 volitorum
974 2920 1089 2983 dicitur
1110 2924 1233 2980 antece-

229 3002 308 3064 dere
330 3003 384 3063 vel
405 3006 579 3080 consequi;
603 3016 681 3063 nam
703 3007 860 3078 exparte
881 3002 984 3079 ipsius
999 3000 1113 3064 divinae
1127 3000 1231 3063 volun·

227 3087 301 3144 latis
322 3083 403 3142 nihil
424 3088 474 3142 est
494 3087 585 3159 prius
607 3083 660 3145 vel
681 3086 857 3157 posterius.

228 3238 231 3241 ⁴
266 3165 299 3223 2⁰
319 3164 476 3223 Voluntas
500 3166 639 3239 partitur
659 3162 759 3223 etiam
779 3166 814 3223 in
830 3162 1034 3223 voluntatem
1052 3158 1234 3235 beneplaciti

227 3247 261 3303 et
274 3243 306 3302 in
321 3244 526 3303 voluntatem
539 3246 633 3319 sioni.
650 3241 741 3303 Prior
761 3248 812 3303 est
826 3243 975 3303 voluntas
999 3240 1131 3300 realiter
1155 3237 1230 3299 exis-

227 3328 301 3383 tens
324 3323 359 3383 in
380 3324 461 3394 Deo,
486 3339 551 3400 qua
566 3323 776 3399 prosequitur
796 3321 931 3399 aliquod
952 3323 1076 3383 bonum
1089 3318 1153 3388 vel,
1168 3333 1231 3377 ma-

225 3404 295 3466 lum
319 3407 496 3463 aversatur.
528 3404 584 3463 Est
609 3419 689 3480 ergo
717 3404 822 3463 omnis
846 3401 997 3463 voluntas
1020 3398 1080 3459 Dei
1109 3400 1230 3474 proprie

167 3533 170 3538 ⁴
226 3482 313 3544 dicta
329 3487 397 3543 tam
408 3481 611 3542 antecedens
626 3498 726 3559 quam
742 3496 962 3558 consequens.
987 3478 1149 3541 Posterior
1162 3493 1230 3539 vero

227 3566 278 3622 est
292 3563 424 3639 signum
438 3562 659 3621 extrinsecum
676 3577 740 3638 quo
755 3561 906 3623 voluntas
928 3559 1037 3623 divina
1049 3554 1229 3619 manifesta-

227 3648 295 3716 tur;
312 3640 471 3719 estigiiur
482 3639 619 3701 effectus
629 3640 746 3718 aliquis
758 3637 1084 3719 creatussignilicans
1095 3636 1231 3700 volunta·
