2642 4209
211 230 269 291 136
514 248 693 292 nnrvnnmv
713 249 916 297 cariosorum:
942 314 950 329 .

211 365 438 440 operationem
460 363 696 425 immanentem
718 365 870 444 exprimit
890 365 1039 443 speciem
1059 367 1104 426 rei
1119 383 1135 428 a
1149 385 1214 447 qua
1285 368 1286 447 ,

211 444 381 506 immutata
412 442 471 506 luit
504 462 511 504 :
544 449 578 504 et
607 445 652 504 sio
686 444 877 507 eflonnatur
904 447 1025 521 species
1056 463 1212 522 caprena,
1285 482 1286 493 Ι

214 537 290 603 quae
320 523 410 584 idem
441 528 553 585 estre
584 540 623 584 ac
655 525 813 587 terminus
837 526 1033 600 subjectione
1060 524 1215 590 facultatis

216 604 448 682 cognoscentis
470 604 522 676 (ΙΙ,
548 602 627 682 191).

255 684 300 744 llx
323 682 417 745 dictis
437 685 575 744 resultat
594 700 731 746 sensum
751 700 825 746 esse
847 684 1029 762 potentiam
1049 685 1142 746 simul
1160 702 1213 748 ac-

216 761 316 824 tivam
339 768 373 825 et
393 765 571 840 passivam:
597 769 647 825 est
668 765 816 840 potentia
836 765 942 825 activa
962 765 1065 824 relate
1087 763 1128 825 ad
1147 782 1216 842 spe-

218 843 302 904 ciem
324 858 517 922 expressam
539 861 640 922 quam
661 843 829 920 producit;
857 849 907 906 est
926 844 1075 921 potentia
1095 847 1216 922 passiva

216 929 371 1000 respectu
392 927 515 1000 speciei
536 924 700 986 sensibilis
720 924 885 1002 impressa
907 929 941 985 et
954 924 1089 1004 objecti.
1104 925 1217 986 Verum

218 1003 261 1064 ad
282 1003 535 1080 productionem
557 1005 743 1081 specierum
770 1004 985 1072 sensibilium,
1008 1018 1077 1064 non
1098 1008 1146 1064 est
1164 1021 1217 1066 ne-

218 1099 310 1144 cesse
332 1089 369 1144 ut
390 1083 580 1145 admittatur
599 1101 708 1146 sensns
728 1101 827 1160 opens
847 1081 902 1164 (l),
925 1083 1010 1145 sicut
1030 1085 1074 1144 ad
1095 1087 1218 1161 specie-

216 1179 289 1224 rum
310 1163 562 1242 intelligibilium
594 1163 857 1239 productionem,
889 1169 926 1225 ut
957 1167 1074 1241 postea
1104 1162 1219 1226 videbi·
1286 1180 1288 1199 ²

216 1259 302 1315 mus
325 1245 502 1322 requiritur
520 1245 712 1305 intellectus
741 1260 846 1322 agens
878 1261 886 1302 ε
914 1259 993 1304 nam
1014 1243 1143 1319 species
1161 1244 1217 1304 im-

216 1338 340 1400 pressae
372 1339 440 1386 non
470 1326 548 1385 sunt
575 1341 696 1399 reapse
728 1322 942 1400 perfectiores
971 1323 1123 1401 objectis,
1152 1337 1222 1382 cum

217 1403 283 1464 sint
318 1409 350 1465 et
383 1405 460 1482 ipsa
495 1406 684 1493 materiales
720 1401 774 1484 (2).
811 1401 937 1465 Sufficit
971 1418 1051 1482 ergo
1087 1403 1221 1464 vitalitas

219 1499 348 1545 sensus.

257 1565 326 1625 222.
356 1597 395 1606 -
421 1563 471 1624 ΙΙΙ.
500 1564 633 1639 Species
658 1560 819 1639 impressa
850 1579 917 1622 non
948 1565 1001 1621 est
1032 1560 1221 1638 cognitionis

220 1643 401 1724 objectum,
423 1643 485 1704 sed
506 1643 540 1704 id
571 1659 636 1721 quo
658 1657 778 1703 sensus
799 1644 899 1704 sentit
921 1640 1052 1719 objecta
1074 1646 1168 1702 extra
1190 1657 1222 1701 se

217 1725 335 1801 posita.
359 1725 591 1801 Appellatura
621 1722 822 1784 scholasticis
854 1722 1014 1797 objectum
1039 1737 1117 1798 qno,
1152 1719 1222 1780 dum

221 1805 379 1865 terminus
414 1805 598 1882 objectivus
632 1803 843 1875 sensationiS,
880 1808 941 1862 seu
982 1816 1035 1861 res
1087 1817 1107 1860 a
1148 1815 1221 1861 sen·

220 1885 323 1946 tiente
346 1884 508 1956 distincta,
542 1884 702 1958 cojecnnn
733 1883 820 1958 qnod
850 1881 969 1943 dicitur
997 1879 1048 1960 (ll,
1072 1876 1154 1958 187).
1176 1883 1225 1940 Est

172 2043 175 2050 Ι
220 1979 299 2043 ergo
323 1964 456 2042 aliquod
477 1963 624 2024 medium
646 1962 840 2042 cognitionis
860 1958 914 2040 (3),
938 1976 1000 2021 seu
1018 1961 1130 2037 potius
1144 1959 1223 2037 pn'n-

250 2156 283 2219 (1)
299 2155 357 2208 Vid.
372 2157 447 2207 Suar.
461 2158 500 2205 De
514 2156 599 2204 onim.
613 2155 631 2204 l.
644 2169 683 2212 111,
698 2169 721 2203 c.
736 2153 761 2215 9,
775 2168 803 2202 n.
817 2154 841 2202 l.

249 2246 283 2309 (2)
297 2245 343 2296 Hic
357 2246 446 2294 modus
459 2243 578 2307 loquendi
596 2257 649 2292 non
673 2242 809 2308 opponitur
833 2239 959 2291 doctrinae
972 2239 1024 2288 divi
1038 2239 1156 2300 Thomae,
1169 2238 1225 2286 dum
1287 2248 1289 2271 ³

217 2309 291 2358 docet
303 2305 505 2356 immutationem
518 2306 690 2367 spiritualem
703 2303 800 2368 requim
812 2304 846 2353 ad
860 2302 1031 2352 sensationem
1051 2302 1092 2363 (P.
1112 2303 1134 2358 I,
1150 2316 1174 2410 p.
1188 2300 1225 2360 tt,

217 2387 242 2422 a.
255 2370 288 2432 3).
308 2370 407 2420 Etenim
425 2368 570 2417 immutatio
587 2367 683 2416 dicitur
701 2365 839 2431 spiritualis
858 2364 885 2413 in
904 2366 953 2413 hoc
972 2378 1047 2412 sensu
1066 2362 1135 2427 quod
1159 2375 1226 2411 orma

217 2431 374 2482 immutantis
392 2430 516 2494 recipitur
533 2431 559 2477 in
578 2429 722 2489 immutato,
745 2443 796 2477 non
818 2428 956 2476 secunlum
979 2440 1034 2474 esse
1057 2425 1184 2483 naturale,
1200 2429 1226 2473 ut

216 2495 288 2545 calor
297 2493 323 2542 in
337 2494 465 2552 calefacto,
480 2491 524 2540 sed
536 2490 675 2540 secundum
688 2505 742 2538 esse
756 2488 895 2552 spirituale,
909 2492 938 2537 ut
952 2486 1034 2536 forma
1047 2486 1143 2535 eoloris
1153 2490 1191 2535 est
1201 2485 1225 2532 in

217 2556 321 2628 pupilla,
335 2571 392 2620 quae
404 2570 455 2602 non
472 2555 500 2602 fit
513 2569 558 2617 per
572 2557 621 2603 hoc
640 2553 763 2601 colorata.
778 2550 820 2601 Sic
834 2551 946 2600 intentio
960 2547 1050 2597 formae
1064 2546 1188 2596 sensibilis
1200 2547 1227 2596 fit

218 2633 245 2668 m
259 2633 356 2682 organo
368 2632 464 2668 sensus.
479 2620 503 2664 et
517 2615 624 2680 proinde
637 2614 733 2679 speeies
746 2612 790 2662 illa
804 2612 891 2676 nequit
906 2609 957 2659 dici
971 2611 1159 2659 immaterialis.

251 2711 285 2774 (3)
306 2711 383 2761 Noto.
406 2710 508 2774 Triplex
528 2715 611 2758 autem
632 2705 799 2770 distinguitur
816 2703 929 2754 medium
951 2699 1117 2765 cognitionis,
1142 2715 1226 2768 nempe

219 2773 245 2822 1ο
258 2773 369 2821 medium
382 2788 433 2836 qno
448 2770 617 2836 cognoscitur,
636 2785 682 2819 seu
699 2767 794 2832 species
813 2767 952 2830 potentiam
962 2765 1004 2831 ,ad
1024 2778 1054 2833 co
1092 2776 1226 2831 oseenuum

218 2835 403 2895 determinans3
419 2835 444 2883 2ο
458 2833 568 2882 medium
580 2833 629 2882 snb
646 2845 698 2894 qno
710 2831 837 2900 objectum
851 2832 1026 2892 cognoscitur,
1041 2842 1048 2872 r
1070 2826 1104 2894 ud
1118 2824 1227 2895 rnedrum

217 2897 357 2960 potentiam
371 2895 477 2960 perlicit,
489 2895 595 2943 sednon
608 2895 762 2942 determmat
776 2890 809 2940 ad
822 2891 962 2954 agendum,
978 2893 1016 2936 est
1028 2887 1142 2956 conditio
1156 2901 1227 2946 gene·

217 2959 280 3008 ralis
293 2965 317 3007 et
331 2958 453 3023 objectiva
467 2957 501 3007 ad
514 2955 683 3022 operandum3
703 2971 726 3002 v.
746 2970 771 3017 g.
790 2952 922 3001 visibilitas
936 2956 975 2998 est
988 2948 1099 3017 medium
1114 2949 1162 2997 sub
1180 2961 1226 3016 quo

217 3021 306 3070 oculus
319 3021 416 3068 colores
428 3018 609 3084 deprehendit,
625 3017 650 3066 3ο
664 3015 777 3065 medium
791 3016 821 3063 in
840 3026 891 3077 qno
905 3015 1083 3076 cognoscitur3
1098 3015 1138 3059 est
1152 3011 1227 3079 veluti

218 3083 346 3146 speculum
363 3097 407 3131 seu
419 3081 513 3146 aliquid
529 3080 658 3144 cognitum
672 3079 762 3141 inquo
776 3091 817 3125 res
837 3076 921 3141 aliqua
939 3076 1124 3137 repraesentata
1143 3087 1226 3136 percr-

235 3145 295 3196 itur.

217 3159 234 3209 p
248 3207 352 3271 Species
365 3205 489 3256 sensibilis
501 3203 623 3269 impressa
636 3206 675 3250 est
688 3201 805 3250 medinm
815 3214 866 3262 qno
880 3197 945 3267 (221,
958 3198 991 3259 It3
1007 3194 1110 3267 indeed
1125 3193 1225 3263 modurn

215 3268 333 3333 principii
346 3283 372 3318 se
387 3271 404 3317 h
421 3269 472 3330 bet,
486 3281 537 3316 non
553 3271 637 3316 autem
652 3263 685 3312 ad
702 3263 806 3311 modum
820 3261 922 3311 termini
943 3259 1070 3308 facultatis
1090 3255 1223 3325 sentiendi.

214 3333 275 3382 Haec
289 3346 351 3394 ergo
365 3346 393 3394 sp
410 3330 459 3378 cies
472 3327 564 3377 merito
578 3332 604 3376 et
615 3330 685 3374 recte
699 3324 793 3373 dicitur
810 3321 1005 3390 intentionenr,
1030 3333 1141 3382 namque
1160 3316 1225 3364 dirr-

232 3393 253 3442 it
265 3393 431 3442 intentionem
445 3405 488 3440 seu
500 3393 618 3439 conatum
632 3387 739 3450 agentis,
754 3399 843 3448 nempe
857 3388 895 3432 est
908 3386 974 3451 retro
988 3382 1106 3451 obuquam
1118 3379 1223 3448 facultas

213 3471 242 3505 in
263 3455 315 3504 tale
337 3455 464 3516 objectum
485 3450 603 3499 intendit.
624 3450 805 3498 Verumtamen
822 3447 916 3508 species
938 3442 1119 3492 intentionales
1138 3441 1222 3489 latiori

214 3530 289 3566 sensu
303 3530 354 3564 non
367 3529 427 3562 raro
440 3512 604 3576 accipiuntur,
618 3513 694 3572 atque
705 3510 801 3572 species
813 3511 866 3555 tam
879 3519 1004 3576 expressae
1018 3517 1095 3574 quam
1113 3502 1222 3572 impres-

214 3592 258 3636 sae,
277 3576 329 3624 sive
350 3573 485 3634 sensitivae,
506 3572 557 3620 sive
579 3570 747 3629 intellectivae‚
768 3581 896 3618 commum
919 3579 1022 3614 nomme
1042 3563 1221 3615 intentionales

37 3651 125 3699 pm„
216 3639 346 3688 dicuntur.
