2642 4209
195 266 255 330 238
514 253 694 329 anaviinruu
714 283 915 328 ruinosoruin

199 400 202 404 ’
236 396 312 455 rtaee
328 398 439 457 tamen
453 396 550 468 ratic,
573 410 674 471 quam
689 393 783 455 affert
805 394 837 455 S.
854 395 1006 467 Thomas,
1030 395 1128 459 Scato
1143 412 1218 457 non

196 475 328 538 videtur
343 474 458 535 efficax
483 475 539 552 qui
556 475 841 550 huicprobationi
865 473 962 535 aliam
987 475 1119 538 suffecit
1143 492 1221 553 quae

197 557 349 633 pluribus
370 556 470 616 etiam
492 554 656 631 theologis
677 569 744 615 non
769 554 889 630 piacet.
914 554 1106 632 Apodictica
1131 572 1219 635 ergo

200 634 436 696 demonstratio
458 632 502 695 ad
515 632 729 713 'theologiam
742 631 812 694 fere
826 635 923 696 unice
938 638 1077 711 spectat.

233 715 304 776 389.
328 748 366 757 -
389 714 567 776 satoriam.
591 714 727 787 Quando
748 714 933 775 scholastici
955 713 998 775 de
1012 715 1074 775 Dei
1088 714 1217 776 incom-

194 793 476 873 prehensibilitate
503 795 696 871 loquuntur,
725 809 870 871 quaerere
894 795 1002 857 solent
1023 799 1136 855 utrum
1158 810 1217 854 es.-

194 876 300 935 sentia
321 874 429 935 divina
443 872 548 950 possit
568 875 714 935 intuitivc
725 873 829 936 videri
844 874 1021 951 quominus
1035 875 1217 955 rideantur

195 953 293 1014 simul
306 955 416 1017 omnia
426 955 486 1015 Dei
499 953 664 1027 attributa,
681 958 715 1015 et
730 953 827 1013 etiam
843 958 910 1014 tres
924 957 1091 1031 personae?
1103 950 1214 1016 Theo·

195 1034 263 1112 logi
286 1031 355 1093 fere
371 1048 486 1095 omnes
500 1038 635 1111 negant.
654 1034 770 1094 Scotus
785 1040 907 1105 tamen,
924 1050 984 1094 sua
1000 1031 1215 1096 distinctione

195 1110 324 1174 formali
340 1130 379 1173 ex
394 1120 509 1174 natura
529 1116 578 1172 rei
598 1113 741 1184 innixus
753 1118 845 1189 tenet
860 1112 901 1173 de
917 1115 1064 1174 absolata
1078 1111 1210 1189 Πεῖρο-

195 1195 297 1253 teatio
314 1192 384 1255 fieri
403 1208 501 1270 posse
521 1197 558 1252 ut
578 1192 731 1253 videatur
751 1196 895 1253 essentia
913 1209 982 1263 non
994 1196 1072 1254 visis
1091 1210 1214 1271 perso·

195 1272 258 1346 nis,
276 1279 331 1334 aut
346 1272 544 1350 quibusdam
559 1271 722 1331 attributis
744 1269 797 1351 (1).
812 1274 900 1333 Hanc
922 1275 1214 1351 sententiam-pro-

193 1366 300 1429 penso
329 1354 436 1413 animo
470 1354 679 1427 arripuerunt
709 1351 843 1429 quidam
871 1353 1017 1430 antologi
1050 1353 1093 1413 ad
1114 1368 1217 1413 suum

200 1437 347 1512 systema
373 1430 587 1503 firmandum3
617 1430 679 1491 sed
711 1434 763 1491 cui
790 1431 898 1492 bono?
923 1432 1087 1509 siquidem
1113 1434 1216 1497 unice

194 1511 341 1591 loquitur
361 1514 478 1574 Scotus
490 1511 532 1571 de
546 1511 672 1572 visione
687 1508 848 1571 beatifica.
949 1592 957 1618 ι
1076 1544 1079 1551 .
1124 1502 1165 1615 ί,

267 1648 286 1708 ἓ
314 1645 345 1697 Π.
361 1646 402 1697 De
422 1641 576 1697 attributis
594 1641 646 1696 Dei
664 1641 800 1712 positivis
820 1642 852 1696 in
871 1640 970 1711 specie
987 1602 1147 1713 spectatis?

241 1767 301 1829 390
321 1801 360 1810 —
380 1766 450 1827 Hac
463 1764 569 1826 divina
585 1764 737 1825 attributa
752 1762 939 1827 affinnativa
954 1769 1094 1841 possunt
1109 1768 1214 1828 etiam

198 1865 272 1915 esse
294 1846 432 1922 duplicis
446 1845 595 1925 generis3
612 1846 674 1905 alia
690 1846 778 1905 enim
792 1847 869 1904 sunt
897 1844 1108 1921 quiescentia,
1127 1851 1214 1924 puta

195 1932 316 1993 veritas
338 1932 371 1985 et
383 1926 530 1996 bonitas;
554 1925 617 1985 aiia
630 1940 707 1986 vera
723 1931 799 1985 sunt
812 1926 991 1999 operativa.
1008 1926 1056 1985 De
1072 1929 1210 1987 veritate

197 2017 231 2073 et
250 2006 403 2078 bonitate,
431 2020 472 2065 ex
501 2004 757 2081 quiescentibus
792 2019 924 2083 necnon
950 2004 992 2065 de
1020 2006 1208 2077 intellectu,
1278 2024 1282 2031 ’

197 2091 366 2153 voluntate
401 2088 435 2145 et
464 2084 684 2157 Providentia,
708 2100 750 2143 ex
777 2082 975 2161 operativis'
996 2084 1063 2145 hac
1095 2086 1215 2146 ultima

196 2169 382 2231 movebitur
395 2165 582 2241 disputatio,
599 2165 633 2224 in
654 2169 701 2224 tot
714 2180 881 2224 numeros.
894 2164 1010 2241 partita
1029 2171 1110 2241 quot
1132 2170 1216 2227 sunt

196 2249 366 2312 recensitae
380 2243 599 2323 perfectiones
613 2259 676 2303 seu
689 2244 924 2320 praecellentiae.
1006 2284 1011 2291 -

405 2379 446 2432 De
459 2374 692 2447 perfectionibus
706 2374 758 2429 Dei
772 2372 1001 2447 quiescentibus.

604 2494 626 2543 1.
636 2494 675 2544 De
688 2491 803 2541 veritate.

238 2616 309 2679 391.
333 2614 447 2675 -Hic
477 2625 545 2672 non
575 2609 685 2689 agitur
716 2609 758 2670 de
779 2609 916 2669 veritate
937 2610 1045 2750 lopica
1066 2582 1146 2691 (151,
1171 2613 1216 2691 1⁰)

199 2712 273 2763 seu,
280 2696 469 2772 formaliter
498 2695 640 2767 sumpta,
660 2689 712 2767 de
739 2706 804 2767 qua
835 2693 961 2750 tractari
986 2707 1043 2751 um
1064 2696 1115 2751 est
1137 2708 1216 2752 cum

198 2779 307 2857 agitur
338 2775 380 2836 de
411 2772 582 2833 intellectu
606 2769 728 2841 divina,
750 2768 811 2830 sed
842 2773 969 2831 tantum
1000 2770 1043 2831 de
1074 2774 1215 2833 veritate

197 2853 487 2935 fundamentaliter
506 2854 665 2928 spectata,
689 2865 811 2933 nempe
835 2848 877 2909 de
898 2850 1026 2927 reipsa
1048 2857 1215 2927 quatenus

200 2942 253 2999 est
272 2932 483 3013 intelligibilis
498 2931 643 3008 (151,a0;
659 2929 740 3009 3111).
756 2930 879 2990 terum
899 2932 945 2989 tta
966 2929 1215 2993 consideratum

198 3016 280 3079 nihii
301 3018 353 3074 est
374 3011 463 3074 aliud
483 3028 583 3089 quam
603 3012 711 3086 ipsum
733 3025 792 3071 ens
815 3024 889 3070 oum
911 3009 1141 3071 coarctatione
1162 3012 1215 3071 in-

199 3097 349 3161 tellectus
370 3091 454 3174 (310)
476 3090 570 3153 —id
591 3095 651 3163 est,
675 3090 736 3151 sub
758 3090 887 3150 ratione
908 3089 1214 3167 cognoscibilitatis.

463 3178 473 3197 0

199 3228 270 3295 tet.
293 3260 332 3271 -
352 3228 459 3287 Tarsis
473 3225 497 3285 1.
513 3222 687 3284 Batitatraa
698 3222 763 3282 bei
773 3202 894 3281 caritas
908 3228 952 3283 est
965 3221 1031 3282 brea
1040 3222 1213 3297 perfectio,

240 3301 309 3387 qaa
314 3308 469 3384 proprios
482 3304 618 3365 Deitatis
631 3302 834 3363 characteres
846 3302 910 3361 stat
921 3302 1061 3363 atadt'cat
1074 3305 1170 3364 Deus.

239 3440 336 3501 Prab.
359 3436 493 3509 Veritas
506 3432 672 3495 entitativa
694 3434 826 3492 estens
848 3402 1011 3509 quatenus
1038 3432 1217 3511 cognosci-

200 3519 267 3583 bile
281 3517 364 3598 (151,
386 3513 447 3591 2⁰);
470 3510 841 3591 atqutcognoscibilitas
862 3513 929 3573 baec
951 3509 1120 3608 audenter
1135 3526 1216 3574 con·

237 3668 269 3732 (1)
285 3664 353 3719 tide
366 3663 492 3725 vasquez,
503 3658 577 3722 (1.18,
590 3676 615 3711 a.
