2642 4209
280 254 478 300 nerttrnrsrce
498 252 653 299 serenus.
671 270 707 280 -
724 252 942 298 essenonoom.
1084 237 1122 298 73

101 365 232 427 clariss.
256 366 351 427 Card.
375 367 512 445 Zigliara
540 366 702 427 loannem
724 365 766 425 de
789 366 882 427 Oliva
902 381 970 427 non
992 382 1122 429 errasse

100 445 168 506 nisi
191 446 277 508 eirca
297 448 431 509 modum
451 446 581 507 unionis
603 461 674 523 quae
696 446 805 506 existit
825 448 911 508 inter
939 462 1059 523 corpus
1085 453 1123 508 ‚et

105 526 250 586 animam
273 524 325 603 (l).

145 605 183 663 ll.
208 606 352 667 Praesens
372 605 551 682 propositio
567 603 638 681 jam
660 602 775 664 haberi
798 610 911 681 posset
941 602 989 665 uti
1017 606 1120 666 corol-

100 683 222 745 larium
244 684 431 747 immediate
453 687 638 761 sponteque
662 681 841 743 deductum
864 700 905 743 ex
926 689 1024 745 antea
1046 702 1119 761 pro-

101 764 191 825 batis
214 763 263 842 (ll,
285 762 411 841 73-75);
434 763 495 824 sed
516 761 651 839 speciali
673 763 770 823 modo
792 762 949 825 vindicari
970 762 1083 823 dehet.

143 844 312 904 Probatur
334 846 362 904 la
379 859 471 919 pers.
494 844 540 903 Ex
567 841 751 903 testimonio
775 843 978 904 conscientia
994 847 1122 908 constat

103 922 134 981 Ρ
157 920 310 982 eumdem
333 938 406 983 esse
427 922 591 983 hominem
622 922 680 997 qui
708 922 815 982 varias
836 922 1044 982 sensationes
1065 938 1120 983 ex·

100 1001 243 1077 peritur,
267 1005 301 1062 et
323 1001 475 1064 eumdem
507 1004 563 1078 qui
595 999 749 1079 intelligit
774 1005 873 1078 atque
900 1017 976 1062 suas
1007 1018 1119 1062 sensa·

101 1080 213 1141 tiones
247 1080 449 1143 reflectendo
470 1082 607 1159 relegit;
631 1081 665 1140 2⁰
685 1096 800 1140 omnes
830 1080 978 1141 actiones
1004 1081 1120 1142 vitales

100 1158 218 1242 intimo
248 1174 337 1221 nexu
366 1162 452 1222 inter
481 1178 517 1223 se
549 1156 706 1237 colligari.
730 1159 829 1236 Atqui
859 1160 893 1221 id
926 1161 1119 1238 contingere

99 1238 292 1379 {ullatenus
313 1243 438 1316 posset,
461 1240 488 1300 si
509 1241 619 1316 plures
642 1243 755 1299 essent
776 1237 888 1299 anima
913 1239 947 1299 in
973 1240 1117 1302 homine.

129 1320 242 1390 tenim,
493 1382 496 1387 ,

145 1399 175 1457 l⁰
197 1397 285 1459 ldem
309 1396 477 1458 esthemo
501 1398 556 1474 qui
578 1395 716 1475 percipit
736 1412 773 1457 se
794 1397 976 1474 intelle'pere
998 1402 1031 1460 et
1052 1416 1119 1459 sere
1186 1452 1192 1462 ,

98 1478 176 1550 tire,
201 1492 348 1538 erescere·
364 1481 397 1537 et
417 1493 588 1547 senescere,
612 1476 668 1552 qui
692 1474 895 1540 reflectendo
927 1477 1117 1553 deprehen·

99 1554 150 1616 dit
169 1556 423 1625 intellectiones‚
447 1558 666 1627 sensationes,
689 1557 922 1632 appetitiones
942 1561 1019 1629 etc„
1042 1574 1118 1617 sees

99 1650 195 1707 esse3
219 1636 309 1712 atqui
329 1648 396 1697 una
418 1637 523 1696 anima
544 1642 581 1697 ut
601 1650 698 1696 seem
718 1633 891 1696 manifesto
918 1652 986 1696 non
1018 1651 1117 1712 expe·

97 1715 222 1775 riretur
242 1711 332 1792 quod
355 1718 446 1775 extra
466 1716 569 1791 ipsam
591 1713 687 1775 fieret
708 1714 749 1775 ab
765 1715 878 1776 altera.
894 1715 978 1794 Ergo
995 1731 1037 1776 ex
1052 1716 1112 1777 hoc

101 1794 210 1871 capite
228 1794 295 1873 jam
321 1798 448 1855 constat
469 1795 608 1857 animam
630 1794 805 1855 humanam
825 1794 957 1855 unicam
985 1810 1060 1856 esse
1082 1798 1115 1856 in

101 1872 222 1936 eodem
245 1874 387 1935 homine.
879 1894 882 1896 Α
918 1888 922 1895 ’

139 1952 174 2014 2⁰
195 1952 316 2015 Omnes
338 1952 485 2013 actiones
505 1953 577 2013 vitae
598 1952 631 2010 in
651 1952 784 2014 homine
805 1968 895 2012 nexu
917 1956 1029 2013 mutuo
1051 1953 1116 2015 col·

97 2031 256 2111 ligantur.
272 2034 329 2093 Ex,
349 2051 356 2093 :
372 2033 525 2093 voluntas
538 2030 589 2098 vad
610 2037 717 2092 actum
734 2048 867 2092 movere
881 2035 991 2108 potest
1005 2048 1116 2109 quam-

97 2111 182 2172 libet
201 2110 406 2179 facultatem:
429 2112 575 2187 operatio
596 2110 693 2172 valde
715 2114 846 2171 intensa
860 2111 1001 2191 alicujus
1015 2110 1115 2171 facill-

99 2191 187 2261 tatis
223 2195 304 2267 puta
338 2191 505 2267 appetitus
540 2190 697 2262 sanativi,
735 2191 944 2267 operationes
981 2191 1115 2252 aliarum

97 2268 287 2331 facultatum
310 2269 468 2347 impedire
490 2275 614 2347 potest;
638 2272 715 2331 item
737 2271 946 2347 operationes
966 2270 1038 2332 vitae
1059 2287 1112 2333 ve·

97 2350 250 2428 getativae
272 2346 428 2411 influxum
452 2354 607 2411 exercent
628 2352 727 2411 etiam
749 2352 782 2409 in
803 2350 900 2411 vitam
926 2352 1113 2412 sensitivam

99 2434 134 2491 ct
155 2428 387 2491 intellectivam
411 2448 418 2489 :
440 2445 472 2491 v.
495 2444 559 2506 gr„
584 2428 803 2491 determinare
824 2429 936 2490 valent
956 2432 1115 2491 sensatio·
1153 2456 1163 2480 ι

97 2522 161 2569 nes
181 2506 275 2571 famis
297 2513 331 2569 et
352 2509 433 2579 sitis
457 2524 528 2585 quae
548 2508 736 2571 intellectus
758 2507 941 2569 functiones
963 2508 1112 2590 turbant3

99 2592 134 2649 et
154 2588 293 2649 vicissim
315 2588 380 2649 vita
401 2587 632 2649 intellectualis
654 2588 828 2665 plurimum
848 2588 937 2650 valet
960 2588 995 2647 in
1015 2590 1113 2649 vitam

96 2670 332 2745 vegetativam
357 2669 456 2729 nimia
478 2668 562 2728 enim
586 2665 704 2729 mentis
726 2667 899 2745 applicatio
916 2668 1112 2743 operationi-

97 2748 162 2809 bus
179 2746 250 2808 vilae
270 2745 462 2825 vegetativae
483 2750 593 2807 nocet.
616 2746 715 2825 Atqui
736 2747 788 2807 hic
809 2752 942 2808 mutuus
971 2745 1114 2808 influxus

98 2829 189 2887 esset
209 2826 417 2902 impossibilis
439 2824 465 2885 si
487 2826 621 2887 diversa
643 2827 854 2903 operationes
876 2842 947 2903 qua
967 2833 1043 2886 sunt
1056 2828 1113 2885 im-

97 2909 283 2981 manentes
309 2922 350 2965 ex
372 2906 509 2967 diversis
530 2906 698 2983 principiis
721 2910 970 2983 peragerentur,
992 2921 1113 2981 nempe

96 2985 125 3046 si
156 2985 263 3045 anima
306 3001 374 3045 non
411 2990 500 3045 esset
538 2986 637 3046 unica
678 2985 772 3047 radix
807 3002 825 3045 e
857 3001 921 3062 qua
951 2986 1114 3061 pullulant

95 3079 212 3126 omnes
227 3066 379 3139 potentia
402 3079 473 3140 qua
493 3065 553 3124 has
577 3064 722 3125 diversas
740 3066 950 3139 operationes
966 3062 1111 3125 eliciunt.

95 3144 176 3205 Huic
199 3142 385 3220 probationi
406 3142 607 3221 suffragatur
629 3146 725 3205 etiam
748 3159 861 3221 pugna
882 3144 968 3205 inter
989 3160 1111 3205 concu-

95 3223 288 3299 piscentiam
314 3228 354 3283 et
383 3224 559 3295 rationem3
593 3239 668 3283 nam
700 3224 727 3284 si
758 3223 944 3301 subjeetum
965 3228 1113 3284 motuum

95 3304 372 3377 concupiscentia
395 3305 485 3362 esset
506 3318 526 3363 a
546 3297 698 3381 subjecto
721 3302 812 3379 quod
833 3304 962 3363 ratione
994 3318 1114 3381 agnos·

95 3380 140 3443 cit
162 3380 341 3454 diversum,
357 3382 442 3443 hanc
463 3396 608 3458 pugnam
631 3379 791 3443 illudant
813 3380 950 3442 alterum
972 3380 1113 3460 experiri

93 3476 162 3523 non
185 3462 311 3539 posset.

124 3628 424 3699 (1)DemcntoConerl.
441 3628 537 3683 Vienn.
553 3644 581 3680 n.
597 3630 650 3681 156.
666 3645 720 3696 seq.
