2642 4209
263 305 461 351 urrsrursrcr
483 305 639 350 serenus
659 325 695 332 -
711 307 923 352 rsvcuonocn.
1050 288 1102 350 171

85 420 227 480 sancivit
256 422 499 496 propositiones
530 437 671 500 quarum
701 421 884 484 secundam
916 426 949 482 et
976 420 1104 482 tertiam

85 498 139 558 hic
161 498 287 560 referre
303 501 437 578 expedit
462 521 469 561 ε

129 601 143 631 ι
168 580 207 640 ll³
225 597 320 655 prop.
344 579 556 643 Ratiocinatio
578 581 636 642 Dei
653 583 872 656 existentiam,
895 580 1014 641 animae
1036 581 1104 658 spi·

85 657 311 731 ritualitatem,
335 661 474 722 hominis
498 661 682 722 libertatem
705 678 780 722 cum
806 661 1003 721 certitudine
1030 677 1105 737 pro-

86 738 166 798 bare
189 744 310 815 potest.
334 741 425 802 Fides
434 743 597 816 posterior
611 747 655 802 est
669 741 875 812 revelatione,
897 740 1106 818 proindeque

86 814 129 876 ad
163 818 372 894 probandam
400 821 459 882 Dei
490 821 696 882 existentiam
726 824 840 882 contra
875 820 1022 888 atheum,
1060 819 1105 881 ad

87 897 298 974 probandum
320 899 437 960 animae
459 901 625 963 rationalis
640 900 900 977 spiritualitatem
916 904 950 980 et
973 897 1104 961 liberta·

87 981 156 1037 tem
179 985 291 1039 contra
311 980 514 1042 naturalismi
536 985 569 1042 et
584 978 738 1041 fatalismi
751 986 946 1054 sectatores,
963 979 1108 1055 cllepari

88 1062 442 1135 convenienterneput't.

128 1159 143 1189 ι
178 1138 232 1198 lllt
254 1155 352 1214 prop.
384 1139 528 1200 Rationis
566 1156 643 1201 usus
670 1137 771 1201 fidem
801 1138 967 1217 precedit,
1000 1143 1034 1200 et
1062 1137 1106 1199 ad

87 1231 159 1276 eam
174 1217 343 1279 hominem
365 1235 429 1296 ope
450 1217 658 1280 revelationis
681 1224 714 1280 et
734 1223 849 1300 gratiae
865 1218 1021 1280 conducit
1038 1243 1065 1277 ι.
1139 1219 1142 1227 ’

125 1297 280 1375 Denique
302 1300 333 1360 3³
353 1299 388 1360 P.
411 1301 557 1360 Ventura
579 1298 622 1380 (l)
643 1301 843 1361 sententiam
865 1300 936 1360 aliis
952 1298 1106 1360 omnibus

86 1375 255 1438 mitiorem
277 1377 430 1441 conflavit
453 1399 460 1440 :
483 1379 666 1440 intellectui
692 1381 756 1441 vim
780 1395 854 1440 esse
875 1379 937 1440 sibi
960 1375 1105 1438 cudendi

86 1454 181 1517 ideas
210 1458 387 1534 primitivas
418 1463 502 1519 entis
531 1459 565 1519 in
590 1474 713 1537 genere
746 1459 887 1538 eJusque
919 1460 1103 1534 proprieta-

88 1539 170 1606 tum,
193 1536 303 1598 ideam
324 1539 460 1618 generis
483 1543 517 1599 et
537 1539 673 1614 speciei,
696 1543 787 1599 ratus
809 1545 870 1612 est,
895 1542 959 1599 etc.
984 1537 1104 1598 Distin-

85 1617 215 1693 guebat
236 1621 324 1679 enim
344 1620 429 1679 inter
442 1617 535 1679 ideas
558 1623 591 1678 et
612 1620 829 1697 cognitiones,
850 1634 910 1679 seu
925 1618 1011 1677 inter
1023 1634 1102 1678 con-

87 1703 206 1772 ceptus
215 1714 318 1776 vagos
333 1700 583 1775 abstractusque
606 1704 638 1760 et
661 1704 842 1776 conceptus
870 1696 1105 1758 determinatos

85 1791 123 1834 ac
131 1775 270 1852 judicia,
284 1793 358 1856 quae
370 1779 514 1856 proprie,
527 1780 622 1857 juxta
636 1778 758 1856 ipsum,
772 1777 994 1856 cognitionem
1011 1792 1104 1837 cons-

87 1856 223 1919 tituunt.
240 1859 304 1918 Hoc
325 1859 511 1920 secundum
531 1874 639 1937 genus
663 1863 884 1936 conceptuum
898 1856 1029 1919 nonnisi
1043 1872 1106 1934 per

85 1935 324 1999 revelationem
349 1939 543 2000 humanitati
562 1937 774 2001 innotescere
794 1937 910 2015 potuit.

126 2016 363 2078 Verumtamen
384 2019 435 2080 hic
457 2022 572 2078 auctor
600 2035 668 2101 non
697 2018 759 2080 sibi
781 2016 956 2088 consentit,
980 2020 1014 2077 et
1044 2015 1101 2077 ali·

86 2095 222 2171 quando
258 2097 427 2160 videretur
455 2099 579 2161 homini
611 2097 780 2178 denegare
810 2112 944 2158 omnem
977 2095 1100 2168 ideam,

85 2174 159 2235 sine
181 2177 299 2237 auxilio
322 2178 541 2239 revelationis.

127 2255 241 2333 ltaque
264 2261 353 2319 notio
376 2258 447 2331 Dei,
470 2257 697 2318 immortalitas
719 2256 844 2329 animae,
869 2254 1020 2316 distincta
1051 2271 1104 2318 co·

84 2335 189 2410 gnitio
212 2335 396 2398 officiorum
416 2336 590 2399 moralium
611 2353 672 2414 per
692 2337 928 2397 revelationem
950 2339 984 2394 et
1006 2333 1104 2396 tradi·

86 2413 212 2474 tionem
244 2415 404 2477 duntaxat
428 2416 523 2478 nobis
550 2417 784 2477 communicari
809 2418 958 2491 possent.
982 2414 1101 2475 Decla-

84 2493 249 2554 rationem
263 2497 295 2556 S.
320 2496 592 2575 congregationis
615 2494 759 2556 declinat
779 2511 841 2571 per
856 2493 1104 2556 distinctionem

83 2575 172 2634 inter
192 2577 432 2638 revelationem
454 2576 636 2637 naturalem
659 2580 693 2636 et
713 2575 1011 2651 supernaturalem.
1035 2574 1100 2634 «S.

85 2651 320 2733 Congregatio,
344 2656 460 2734 inquit,
485 2655 527 2717 de
550 2657 619 2716 sola
640 2655 841 2717 revelatione
863 2652 1105 2731 supernaturali

84 2731 245 2810 loquitur,
289 2733 367 2796 dum
401 2735 668 2798 Traditionalistae
703 2735 913 2796 revelationis
947 2733 1104 2794 naturalis

87 2816 218 2875 tantum
238 2816 471 2876 necessitatem
492 2819 706 2892 propugnant
729 2839 757 2877 ι.
781 2813 846 2875 Sed
869 2815 1019 2885 effugere
1041 2829 1101 2873 ne-

86 2895 156 2970 quit
188 2895 456 2957 constitutionem
488 2895 621 2956 Concilii
651 2895 811 2963 Vaticani,
846 2892 887 2954 de
914 2892 979 2954 fide
1016 2892 1100 2954 arth.

86 2988 159 3048 cap.
186 2975 213 3036 ΙΙ
234 2975 276 3036 de
288 2975 437 3051 revelat,
452 2975 667 3036 declarantis:
685 2999 698 3028 ‹
713 2976 819 3035 Deum
834 2989 944 3034 rerum
959 2973 1105 3034 omnium

83 3053 282 3130 principium
305 3059 338 3115 et
357 3054 471 3122 finem,
494 3055 635 3116 naturali
655 3055 807 3115 humana
827 3053 962 3114 rationis
978 3053 1104 3114 lumine

83 3133 226 3195 erebus
250 3135 368 3196 creatis
392 3141 481 3196 certo
506 3135 660 3213 cognosci
684 3149 823 3210 posse...

118 3214 191 3274 281.
216 3215 335 3276 -Alii
359 3216 454 3277 etiam
484 3213 565 3276 alias
598 3211 860 3275 traditionalismi
884 3209 1005 3272 formas
1026 3228 1103 3288 pro·

81 3297 223 3367 ponunt,
256 3309 332 3372 quae
367 3299 478 3356 tamen
509 3311 527 3355 a
560 3293 843 3371 praecedentibus,
876 3293 1057 3368 prasertim
1088 3307 1108 3352 a

81 3373 230 3434 secunda
257 3380 291 3434 et
321 3378 428 3443 tertia,
456 3391 524 3435 non
555 3372 652 3435 valde
685 3371 859 3435 abludunt.
892 3372 1106 3449 Propugnant

82 3451 172 3514 enim
203 3454 389 3515 absolutam
419 3454 629 3515 revelationis
659 3455 897 3515 necessitatem
930 3457 968 3512 ut
1000 3452 1102 3512 homo

82 3546 183 3593 usum
203 3533 337 3595 rationis
359 3534 520 3612 acquirat,
551 3533 619 3595 sive
652 3532 764 3611 quoad
796 3547 912 3593 omnes
934 3532 1102 3604 veritates,

114 3654 149 3717 (1)
163 3655 206 3704 La
218 3656 314 3704 raison
326 3655 525 3719 philosophique
538 3661 563 3704 et
577 3654 606 3704 lc
622 3656 719 3705 raison
741 3653 901 3716 auctorique,
911 3652 984 3713 conf.
1007 3653 1047 3713 11,
1062 3653 1106 3700 be

84 3713 114 3764 lu
128 3717 271 3776 tradition,
285 3723 333 3768 etc.
346 3719 388 3766 cb.
402 3718 423 3779 l,
437 3724 452 3774 s
464 3717 494 3770 7.
