<?xml version="1.0" encoding="UTF-8"?>
<!DOCTYPE html PUBLIC "-//W3C//DTD XHTML 1.0 Transitional//EN"
    "http://www.w3.org/TR/xhtml1/DTD/xhtml1-transitional.dtd">
<html xmlns="http://www.w3.org/1999/xhtml" xml:lang="en" lang="en">
 <head>
  <title>
</title>
<meta http-equiv="Content-Type" content="text/html;charset=utf-8" />
  <meta name='ocr-system' content='tesseract 3.04.00' />
  <meta name='ocr-capabilities' content='ocr_page ocr_carea ocr_par ocr_line ocrx_word'/>
</head>
<body>
  <div class='ocr_page' id='page_1' title='image "./brevariumphilos02grangoog_0195.png"; bbox 0 0 2642 4209; ppageno 0'>
   <div class='ocr_carea' id='block_1_1' title="bbox 245 257 1079 348">
    <p class='ocr_par' dir='ltr' id='par_1_1' title="bbox 245 257 1079 348">
     <span class='ocr_line' id='line_1_1' title="bbox 245 257 1079 348; baseline -0.034 -1"><span class='ocrx_word' id='word_1_1' title='bbox 245 301 442 348; x_wconf 76' lang='lat' dir='ltr'>unrlrursica</span> <span class='ocrx_word' id='word_1_2' title='bbox 465 295 621 342; x_wconf 73' lang='lat' dir='ltr'>sonorius.</span> <span class='ocrx_word' id='word_1_3' title='bbox 639 310 678 319; x_wconf 93' lang='lat'>-</span> <span class='ocrx_word' id='word_1_4' title='bbox 692 287 907 334; x_wconf 80' lang='lat' dir='ltr'>rsrcnoioon.</span> <span class='ocrx_word' id='word_1_5' title='bbox 1026 257 1079 321; x_wconf 80' lang='lat'>181</span> 
     </span>
    </p>
   </div>
   <div class='ocr_carea' id='block_1_2' title="bbox 57 398 1083 974">
    <p class='ocr_par' dir='ltr' id='par_1_2' title="bbox 59 398 1083 576">
     <span class='ocr_line' id='line_1_2' title="bbox 59 398 1083 487; baseline -0.025 -10"><span class='ocrx_word' id='word_1_6' title='bbox 59 422 124 486; x_wconf 81' lang='lat' dir='ltr'>tur,</span> <span class='ocrx_word' id='word_1_7' title='bbox 143 421 223 478; x_wconf 88' lang='lat' dir='ltr'>sunt</span> <span class='ocrx_word' id='word_1_8' title='bbox 243 417 364 479; x_wconf 89' lang='lat' dir='ltr'>nullius</span> <span class='ocrx_word' id='word_1_9' title='bbox 377 415 549 486; x_wconf 77' lang='lat' dir='ltr'>momenti,</span> <span class='ocrx_word' id='word_1_10' title='bbox 566 415 599 472; x_wconf 89' lang='lat' dir='ltr'>et</span> <span class='ocrx_word' id='word_1_11' title='bbox 613 405 872 487; x_wconf 68' lang='lat' dir='ltr'>aequivocatione</span> <span class='ocrx_word' id='word_1_12' title='bbox 897 398 1083 478; x_wconf 82' lang='lat' dir='ltr'>generatim</span> 
     </span>
     <span class='ocr_line' id='line_1_3' title="bbox 59 497 991 576; baseline -0.03 -18"><span class='ocrx_word' id='word_1_13' title='bbox 59 497 283 576; x_wconf 75' lang='lat' dir='ltr'>nitunturtl).</span> <span class='ocrx_word' id='word_1_14' title='bbox 867 561 873 573; x_wconf 32' lang='grc' dir='ltr'>ι</span> <span class='ocrx_word' id='word_1_15' title='bbox 925 543 928 547; x_wconf 39' lang='grc'><strong>,</strong></span> <span class='ocrx_word' id='word_1_16' title='bbox 985 555 991 567; x_wconf 29' lang='grc'>1</span> 
     </span>
    </p>

    <p class='ocr_par' dir='ltr' id='par_1_3' title="bbox 57 555 1081 974">
     <span class='ocr_line' id='line_1_4' title="bbox 101 555 1079 651; baseline -0.03 -12"><span class='ocrx_word' id='word_1_17' title='bbox 101 580 134 638; x_wconf 70' lang='lat'>1³</span> <span class='ocrx_word' id='word_1_18' title='bbox 159 581 266 639; x_wconf 80' lang='lat' dir='ltr'>liutto.</span> <span class='ocrx_word' id='word_1_19' title='bbox 296 577 360 636; x_wconf 76' lang='lat' dir='ltr'>lios</span> <span class='ocrx_word' id='word_1_20' title='bbox 379 574 508 634; x_wconf 89' lang='lat' dir='ltr'>finitum</span> <span class='ocrx_word' id='word_1_21' title='bbox 522 588 587 631; x_wconf 93' lang='lat' dir='ltr'>non</span> <span class='ocrx_word' id='word_1_22' title='bbox 608 571 720 646; x_wconf 88' lang='lat' dir='ltr'>potest</span> <span class='ocrx_word' id='word_1_23' title='bbox 739 579 876 643; x_wconf 83' lang='lat' dir='ltr'>agnosci</span> <span class='ocrx_word' id='word_1_24' title='bbox 890 563 926 651; x_wconf 87' lang='lat' dir='ltr'>ut</span> <span class='ocrx_word' id='word_1_25' title='bbox 940 555 1079 647; x_wconf 78' lang='lat' dir='ltr'>finitum,</span> 
     </span>
     <span class='ocr_line' id='line_1_5' title="bbox 57 637 1079 735; baseline -0.026 -18"><span class='ocrx_word' id='word_1_26' title='bbox 57 659 119 718; x_wconf 89' lang='lat' dir='ltr'>nisi</span> <span class='ocrx_word' id='word_1_27' title='bbox 145 659 236 735; x_wconf 92' lang='lat' dir='ltr'>prius</span> <span class='ocrx_word' id='word_1_28' title='bbox 257 664 479 732; x_wconf 71' lang='lat' dir='ltr'>cognoscatur</span> <span class='ocrx_word' id='word_1_29' title='bbox 489 668 547 712; x_wconf 90' lang='lat' dir='ltr'>ens</span> <span class='ocrx_word' id='word_1_30' title='bbox 569 653 689 726; x_wconf 90' lang='lat' dir='ltr'>ipsum,</span> <span class='ocrx_word' id='word_1_31' title='bbox 715 663 776 706; x_wconf 85' lang='lat' dir='ltr'>seu</span> <span class='ocrx_word' id='word_1_32' title='bbox 801 658 861 703; x_wconf 88' lang='lat' dir='ltr'>ens</span> <span class='ocrx_word' id='word_1_33' title='bbox 876 637 1079 725; x_wconf 68' lang='lat' dir='ltr'>simpliciter3</span> 
     </span>
     <span class='ocr_line' id='line_1_6' title="bbox 58 715 1081 814; baseline -0.029 -14"><span class='ocrx_word' id='word_1_34' title='bbox 58 738 152 814; x_wconf 89' lang='lat' dir='ltr'>quod</span> <span class='ocrx_word' id='word_1_35' title='bbox 183 743 233 798; x_wconf 92' lang='lat' dir='ltr'>est</span> <span class='ocrx_word' id='word_1_36' title='bbox 275 752 334 797; x_wconf 87' lang='lat' dir='ltr'>ens</span> <span class='ocrx_word' id='word_1_37' title='bbox 362 733 534 796; x_wconf 87' lang='lat' dir='ltr'>inlinitum.</span> <span class='ocrx_word' id='word_1_38' title='bbox 565 733 648 808; x_wconf 79' lang='lat' dir='ltr'>Ergo</span> <span class='ocrx_word' id='word_1_39' title='bbox 678 740 854 804; x_wconf 77' lang='lat' dir='ltr'>perperam</span> <span class='ocrx_word' id='word_1_40' title='bbox 887 715 1081 811; x_wconf 80' lang='lat' dir='ltr'>Psychologr</span> 
     </span>
     <span class='ocr_line' id='line_1_7' title="bbox 59 795 1077 892; baseline -0.028 -14"><span class='ocrx_word' id='word_1_41' title='bbox 59 818 187 878; x_wconf 80' lang='lat' dir='ltr'>docent</span> <span class='ocrx_word' id='word_1_42' title='bbox 213 817 298 878; x_wconf 86' lang='lat' dir='ltr'>entia</span> <span class='ocrx_word' id='word_1_43' title='bbox 324 814 414 875; x_wconf 84' lang='lat' dir='ltr'>finita</span> <span class='ocrx_word' id='word_1_44' title='bbox 426 816 515 889; x_wconf 72' lang='lat' dir='ltr'>prius</span> <span class='ocrx_word' id='word_1_45' title='bbox 533 811 690 889; x_wconf 80' lang='lat' dir='ltr'><strong>cognosci</strong></span> <span class='ocrx_word' id='word_1_46' title='bbox 714 821 812 884; x_wconf 90' lang='lat' dir='ltr'>quam</span> <span class='ocrx_word' id='word_1_47' title='bbox 829 817 888 892; x_wconf 83' lang='lat' dir='ltr'>ens</span> <span class='ocrx_word' id='word_1_48' title='bbox 902 795 1077 862; x_wconf 82' lang='lat' dir='ltr'>infinitum,</span> 
     </span>
     <span class='ocr_line' id='line_1_8' title="bbox 59 882 1081 974; baseline -0.028 -15"><span class='ocrx_word' id='word_1_49' title='bbox 59 914 117 959; x_wconf 90' lang='lat' dir='ltr'>seu</span> <span class='ocrx_word' id='word_1_50' title='bbox 135 914 209 968; x_wconf 78' lang='lat' dir='ltr'>eno,</span> <span class='ocrx_word' id='word_1_51' title='bbox 240 899 403 974; x_wconf 86' lang='lat' dir='ltr'>quatenus</span> <span class='ocrx_word' id='word_1_52' title='bbox 432 892 685 954; x_wconf 87' lang='lat' dir='ltr'>determinatum</span> <span class='ocrx_word' id='word_1_53' title='bbox 713 898 880 965; x_wconf 82' lang='lat' dir='ltr'>cognosci,</span> <span class='ocrx_word' id='word_1_54' title='bbox 902 882 1081 952; x_wconf 88' lang='lat' dir='ltr'>antequam</span> 
     </span>
    </p>
   </div>
   <div class='ocr_carea' id='block_1_3' title="bbox 59 976 1080 1132">
    <p class='ocr_par' dir='ltr' id='par_1_4' title="bbox 59 976 1080 1132">
     <span class='ocr_line' id='line_1_9' title="bbox 59 976 447 1038; baseline -0.013 -1"><span class='ocrx_word' id='word_1_55' title='bbox 59 979 153 1037; x_wconf 88' lang='lat' dir='ltr'>notio</span> <span class='ocrx_word' id='word_1_56' title='bbox 177 978 262 1038; x_wconf 89' lang='lat' dir='ltr'>entis</span> <span class='ocrx_word' id='word_1_57' title='bbox 276 976 447 1036; x_wconf 73' lang='lat' dir='ltr'>habeatur.</span> 
     </span>
     <span class='ocr_line' id='line_1_10' title="bbox 98 1035 1080 1132; baseline -0.026 -15"><span class='ocrx_word' id='word_1_58' title='bbox 98 1060 196 1132; x_wconf 83' lang='lat' dir='ltr'>Resp.</span> <span class='ocrx_word' id='word_1_59' title='bbox 214 1057 279 1116; x_wconf 81' lang='lat' dir='ltr'>Sed</span> <span class='ocrx_word' id='word_1_60' title='bbox 293 1057 360 1115; x_wconf 86' lang='lat' dir='ltr'>baec</span> <span class='ocrx_word' id='word_1_61' title='bbox 375 1055 456 1114; x_wconf 90' lang='lat' dir='ltr'>ratio</span> <span class='ocrx_word' id='word_1_62' title='bbox 473 1056 522 1113; x_wconf 84' lang='lat' dir='ltr'>est</span> <span class='ocrx_word' id='word_1_63' title='bbox 537 1067 627 1110; x_wconf 89' lang='lat' dir='ltr'>mera</span> <span class='ocrx_word' id='word_1_64' title='bbox 647 1042 880 1122; x_wconf 79' lang='lat' dir='ltr'>aequirocati03</span> <span class='ocrx_word' id='word_1_65' title='bbox 906 1039 939 1098; x_wconf 91' lang='lat' dir='ltr'>in</span> <span class='ocrx_word' id='word_1_66' title='bbox 969 1035 1080 1109; x_wconf 88' lang='lat' dir='ltr'>aliqua</span> 
     </span>
    </p>
   </div>
   <div class='ocr_carea' id='block_1_4' title="bbox 58 1118 1105 1930">
    <p class='ocr_par' dir='ltr' id='par_1_5' title="bbox 58 1118 1105 1930">
     <span class='ocr_line' id='line_1_11' title="bbox 60 1118 1080 1196; baseline -0.025 -1"><span class='ocrx_word' id='word_1_67' title='bbox 60 1135 258 1196; x_wconf 83' lang='lat' dir='ltr'>confusione</span> <span class='ocrx_word' id='word_1_68' title='bbox 285 1133 444 1195; x_wconf 89' lang='lat' dir='ltr'>fundatur</span> <span class='ocrx_word' id='word_1_69' title='bbox 469 1135 556 1192; x_wconf 87' lang='lat' dir='ltr'>inter</span> <span class='ocrx_word' id='word_1_70' title='bbox 589 1130 752 1189; x_wconf 87' lang='lat' dir='ltr'>rationem</span> <span class='ocrx_word' id='word_1_71' title='bbox 791 1118 1080 1183; x_wconf 69' lang='lat' dir='ltr'>indeterminatam</span> 
     </span>
     <span class='ocr_line' id='line_1_12' title="bbox 59 1194 1082 1280; baseline -0.025 -4"><span class='ocrx_word' id='word_1_72' title='bbox 59 1218 145 1276; x_wconf 89' lang='lat' dir='ltr'>entis</span> <span class='ocrx_word' id='word_1_73' title='bbox 162 1221 195 1277; x_wconf 91' lang='lat' dir='ltr'>et</span> <span class='ocrx_word' id='word_1_74' title='bbox 210 1233 268 1275; x_wconf 90' lang='lat' dir='ltr'>ens</span> <span class='ocrx_word' id='word_1_75' title='bbox 284 1214 455 1280; x_wconf 81' lang='lat' dir='ltr'>infinitum,</span> <span class='ocrx_word' id='word_1_76' title='bbox 474 1212 598 1272; x_wconf 87' lang='lat' dir='ltr'>scilicet</span> <span class='ocrx_word' id='word_1_77' title='bbox 618 1210 705 1268; x_wconf 86' lang='lat' dir='ltr'>inter</span> <span class='ocrx_word' id='word_1_78' title='bbox 718 1206 887 1266; x_wconf 91' lang='lat' dir='ltr'>notionem</span> <span class='ocrx_word' id='word_1_79' title='bbox 903 1194 1082 1276; x_wconf 88' lang='lat' dir='ltr'>quamdam</span> 
     </span>
     <span class='ocr_line' id='line_1_13' title="bbox 58 1278 1079 1368; baseline -0.023 -11"><span class='ocrx_word' id='word_1_80' title='bbox 58 1296 260 1357; x_wconf 82' lang='lat' dir='ltr'>abstractam</span> <span class='ocrx_word' id='word_1_81' title='bbox 275 1293 612 1354; x_wconf 87' lang='lat' dir='ltr'>acindeterminatam</span> <span class='ocrx_word' id='word_1_82' title='bbox 636 1293 670 1348; x_wconf 91' lang='lat' dir='ltr'>et</span> <span class='ocrx_word' id='word_1_83' title='bbox 692 1289 796 1347; x_wconf 85' lang='lat' dir='ltr'>Deum</span> <span class='ocrx_word' id='word_1_84' title='bbox 820 1286 940 1358; x_wconf 86' lang='lat' dir='ltr'>ipsum.</span> <span class='ocrx_word' id='word_1_85' title='bbox 966 1278 1079 1368; x_wconf 79' lang='lat' dir='ltr'>ltaque</span> 
     </span>
     <span class='ocr_line' id='line_1_14' title="bbox 58 1356 1078 1446; baseline -0.025 -9"><span class='ocrx_word' id='word_1_86' title='bbox 58 1377 88 1437; x_wconf 87' lang='lat' dir='ltr'>in</span> <span class='ocrx_word' id='word_1_87' title='bbox 104 1375 224 1445; x_wconf 86' lang='lat' dir='ltr'>forma,</span> <span class='ocrx_word' id='word_1_88' title='bbox 243 1375 314 1434; x_wconf 74' lang='lat' dir='ltr'>dut.</span> <span class='ocrx_word' id='word_1_89' title='bbox 331 1381 396 1435; x_wconf 76' lang='lat' dir='ltr'>urat.</span> <span class='ocrx_word' id='word_1_90' title='bbox 414 1389 494 1432; x_wconf 84' lang='lat' dir='ltr'>:ens</span> <span class='ocrx_word' id='word_1_91' title='bbox 509 1387 576 1430; x_wconf 92' lang='lat' dir='ltr'>non</span> <span class='ocrx_word' id='word_1_92' title='bbox 592 1371 702 1446; x_wconf 88' lang='lat' dir='ltr'>potest</span> <span class='ocrx_word' id='word_1_93' title='bbox 717 1363 872 1442; x_wconf 81' lang='lat' dir='ltr'>cognosci</span> <span class='ocrx_word' id='word_1_94' title='bbox 888 1364 925 1419; x_wconf 93' lang='lat' dir='ltr'>ut</span> <span class='ocrx_word' id='word_1_95' title='bbox 937 1356 1078 1425; x_wconf 82' lang='lat' dir='ltr'>finitum,</span> 
     </span>
     <span class='ocr_line' id='line_1_15' title="bbox 60 1440 1078 1534; baseline -0.026 -17"><span class='ocrx_word' id='word_1_96' title='bbox 60 1457 138 1534; x_wconf 86' lang='lat' dir='ltr'>quin</span> <span class='ocrx_word' id='word_1_97' title='bbox 161 1459 205 1517; x_wconf 90' lang='lat' dir='ltr'>sit</span> <span class='ocrx_word' id='word_1_98' title='bbox 219 1461 315 1514; x_wconf 87' lang='lat' dir='ltr'>antea</span> <span class='ocrx_word' id='word_1_99' title='bbox 328 1455 360 1514; x_wconf 91' lang='lat' dir='ltr'>in</span> <span class='ocrx_word' id='word_1_100' title='bbox 383 1459 494 1514; x_wconf 91' lang='lat' dir='ltr'>mente</span> <span class='ocrx_word' id='word_1_101' title='bbox 517 1451 604 1510; x_wconf 89' lang='lat' dir='ltr'>notio</span> <span class='ocrx_word' id='word_1_102' title='bbox 622 1448 706 1506; x_wconf 75' lang='lat' dir='ltr'>entis</span> <span class='ocrx_word' id='word_1_103' title='bbox 721 1449 755 1506; x_wconf 81' lang='lat' dir='ltr'>in</span> <span class='ocrx_word' id='word_1_104' title='bbox 776 1440 950 1505; x_wconf 78' lang='lat' dir='ltr'>comnia-at,</span> <span class='ocrx_word' id='word_1_105' title='bbox 963 1443 1078 1504; x_wconf 72' lang='lat' dir='ltr'>trena,</span> 
     </span>
     <span class='ocr_line' id='line_1_16' title="bbox 60 1517 1079 1614; baseline -0.025 -17"><span class='ocrx_word' id='word_1_106' title='bbox 60 1538 138 1614; x_wconf 87' lang='lat' dir='ltr'>quin</span> <span class='ocrx_word' id='word_1_107' title='bbox 160 1537 237 1596; x_wconf 89' lang='lat' dir='ltr'>insit</span> <span class='ocrx_word' id='word_1_108' title='bbox 256 1537 345 1596; x_wconf 93' lang='lat' dir='ltr'>notio</span> <span class='ocrx_word' id='word_1_109' title='bbox 367 1535 449 1594; x_wconf 83' lang='lat' dir='ltr'>entis</span> <span class='ocrx_word' id='word_1_110' title='bbox 471 1531 597 1596; x_wconf 83' lang='lat' dir='ltr'>infiniti,</span> <span class='ocrx_word' id='word_1_111' title='bbox 622 1544 684 1588; x_wconf 88' lang='lat' dir='ltr'>seu</span> <span class='ocrx_word' id='word_1_112' title='bbox 697 1527 800 1602; x_wconf 90' lang='lat' dir='ltr'>ipsius</span> <span class='ocrx_word' id='word_1_113' title='bbox 816 1523 883 1582; x_wconf 88' lang='lat' dir='ltr'>Dei.</span> <span class='ocrx_word' id='word_1_114' title='bbox 902 1535 972 1589; x_wconf 75' lang='lat' dir='ltr'>nep.</span> <span class='ocrx_word' id='word_1_115' title='bbox 991 1517 1079 1604; x_wconf 65' lang='lat' dir='ltr'>Deus</span> 
     </span>
     <span class='ocr_line' id='line_1_17' title="bbox 60 1597 1080 1692; baseline -0.021 -17"><span class='ocrx_word' id='word_1_116' title='bbox 60 1619 144 1675; x_wconf 88' lang='lat' dir='ltr'>enim</span> <span class='ocrx_word' id='word_1_117' title='bbox 160 1613 309 1692; x_wconf 85' lang='lat' dir='ltr'>profecto</span> <span class='ocrx_word' id='word_1_118' title='bbox 331 1630 398 1673; x_wconf 90' lang='lat' dir='ltr'>non</span> <span class='ocrx_word' id='word_1_119' title='bbox 416 1617 466 1672; x_wconf 87' lang='lat' dir='ltr'>est</span> <span class='ocrx_word' id='word_1_120' title='bbox 481 1629 540 1672; x_wconf 78' lang='lat' dir='ltr'>ens</span> <span class='ocrx_word' id='word_1_121' title='bbox 565 1611 598 1669; x_wconf 93' lang='lat' dir='ltr'>in</span> <span class='ocrx_word' id='word_1_122' title='bbox 620 1607 783 1667; x_wconf 91' lang='lat' dir='ltr'>communi</span> <span class='ocrx_word' id='word_1_123' title='bbox 808 1599 898 1678; x_wconf 83' lang='lat' dir='ltr'>quod</span> <span class='ocrx_word' id='word_1_124' title='bbox 923 1597 964 1657; x_wconf 88' lang='lat' dir='ltr'>ab</span> <span class='ocrx_word' id='word_1_125' title='bbox 981 1609 1080 1686; x_wconf 80' lang='lat' dir='ltr'>omni</span> 
     </span>
     <span class='ocr_line' id='line_1_18' title="bbox 59 1673 1080 1771; baseline -0.022 -17"><span class='ocrx_word' id='word_1_126' title='bbox 59 1696 277 1756; x_wconf 86' lang='lat' dir='ltr'>determinata</span> <span class='ocrx_word' id='word_1_127' title='bbox 308 1694 510 1771; x_wconf 63' lang='lat' dir='ltr'>perlectione</span> <span class='ocrx_word' id='word_1_128' title='bbox 526 1680 901 1768; x_wconf 62' lang='lat' dir='ltr'>praeambulabat-272),</span> <span class='ocrx_word' id='word_1_129' title='bbox 923 1675 981 1768; x_wconf 80' lang='lat' dir='ltr'>sed</span> <span class='ocrx_word' id='word_1_130' title='bbox 1001 1673 1080 1765; x_wconf 65' lang='lat' dir='ltr'>ideo&gt;</span> 
     </span>
     <span class='ocr_line' id='line_1_19' title="bbox 59 1762 1079 1848; baseline -0.023 -13"><span class='ocrx_word' id='word_1_131' title='bbox 59 1775 178 1836; x_wconf 84' lang='lat' dir='ltr'>dicitur</span> <span class='ocrx_word' id='word_1_132' title='bbox 194 1792 246 1835; x_wconf 84' lang='lat' dir='ltr'>eus</span> <span class='ocrx_word' id='word_1_133' title='bbox 261 1775 461 1848; x_wconf 77' lang='lat' dir='ltr'>simpliciter,</span> <span class='ocrx_word' id='word_1_134' title='bbox 493 1789 552 1832; x_wconf 89' lang='lat' dir='ltr'>seu</span> <span class='ocrx_word' id='word_1_135' title='bbox 573 1785 631 1832; x_wconf 89' lang='lat' dir='ltr'>ens</span> <span class='ocrx_word' id='word_1_136' title='bbox 654 1769 725 1826; x_wconf 91' lang='lat' dir='ltr'>sine</span> <span class='ocrx_word' id='word_1_137' title='bbox 749 1762 875 1828; x_wconf 83' lang='lat' dir='ltr'>addito,</span> <span class='ocrx_word' id='word_1_138' title='bbox 899 1774 974 1835; x_wconf 85' lang='lat' dir='ltr'>quia</span> <span class='ocrx_word' id='word_1_139' title='bbox 1005 1767 1079 1831; x_wconf 71' lang='lat' dir='ltr'>ejus</span> 
     </span>
     <span class='ocr_line' id='line_1_20' title="bbox 60 1830 1105 1930; baseline -0.025 -14"><span class='ocrx_word' id='word_1_140' title='bbox 60 1857 205 1916; x_wconf 85' lang='lat' dir='ltr'>essentia</span> <span class='ocrx_word' id='word_1_141' title='bbox 222 1859 272 1915; x_wconf 87' lang='lat' dir='ltr'>est</span> <span class='ocrx_word' id='word_1_142' title='bbox 292 1854 400 1930; x_wconf 89' lang='lat' dir='ltr'>ipsum</span> <span class='ocrx_word' id='word_1_143' title='bbox 417 1868 502 1912; x_wconf 90' lang='lat' dir='ltr'>esse.</span> <span class='ocrx_word' id='word_1_144' title='bbox 520 1853 619 1920; x_wconf 85' lang='lat' dir='ltr'>Deus,</span> <span class='ocrx_word' id='word_1_145' title='bbox 637 1853 674 1908; x_wconf 91' lang='lat' dir='ltr'>ut</span> <span class='ocrx_word' id='word_1_146' title='bbox 689 1848 721 1906; x_wconf 95' lang='lat' dir='ltr'>in</span> <span class='ocrx_word' id='word_1_147' title='bbox 750 1840 915 1918; x_wconf 79' lang='lat' dir='ltr'>theologia</span> <span class='ocrx_word' id='word_1_148' title='bbox 939 1830 1081 1897; x_wconf 85' lang='lat' dir='ltr'>naturali</span> <span class='ocrx_word' id='word_1_149' title='bbox 1104 1865 1105 1869; x_wconf 60' lang='lat'><em>=</em></span> 
     </span>
    </p>
   </div>
   <div class='ocr_carea' id='block_1_5' title="bbox 58 1999 1087 3748">
    <p class='ocr_par' dir='ltr' id='par_1_6' title="bbox 58 1999 1085 2327">
     <span class='ocr_line' id='line_1_21' title="bbox 89 1999 1085 2080; baseline -0.015 -16"><span class='ocrx_word' id='word_1_150' title='bbox 89 2018 122 2080; x_wconf 77' lang='lat' dir='ltr'>(ll</span> <span class='ocrx_word' id='word_1_151' title='bbox 138 2015 259 2077; x_wconf 76' lang='lat' dir='ltr'>Ontologi</span> <span class='ocrx_word' id='word_1_152' title='bbox 273 2019 395 2077; x_wconf 86' lang='lat' dir='ltr'>patronos</span> <span class='ocrx_word' id='word_1_153' title='bbox 416 2015 464 2063; x_wconf 84' lang='lat' dir='ltr'>sibi</span> <span class='ocrx_word' id='word_1_154' title='bbox 479 2013 618 2063; x_wconf 81' lang='lat' dir='ltr'>adsciscere</span> <span class='ocrx_word' id='word_1_155' title='bbox 631 2009 715 2060; x_wconf 84' lang='lat' dir='ltr'>eonati</span> <span class='ocrx_word' id='word_1_156' title='bbox 730 2010 798 2067; x_wconf 84' lang='lat' dir='ltr'>sunt,</span> <span class='ocrx_word' id='word_1_157' title='bbox 813 2007 840 2055; x_wconf 88' lang='lat' dir='ltr'>S.</span> <span class='ocrx_word' id='word_1_158' title='bbox 855 2001 1035 2071; x_wconf 68' lang='lat' dir='ltr'>Augustulum.</span> <span class='ocrx_word' id='word_1_159' title='bbox 1050 1999 1085 2049; x_wconf 73' lang='lat' dir='ltr'>Si</span> 
     </span>
     <span class='ocr_line' id='line_1_22' title="bbox 60 2060 1080 2136; baseline -0.021 -8"><span class='ocrx_word' id='word_1_160' title='bbox 60 2081 217 2136; x_wconf 73' lang='lat' dir='ltr'>Anselmum,</span> <span class='ocrx_word' id='word_1_161' title='bbox 233 2083 260 2128; x_wconf 81' lang='lat' dir='ltr'>S.</span> <span class='ocrx_word' id='word_1_162' title='bbox 278 2081 493 2135; x_wconf 72' lang='lat' dir='ltr'>Beneventanum,</span> <span class='ocrx_word' id='word_1_163' title='bbox 508 2075 606 2125; x_wconf 81' lang='lat' dir='ltr'>etinter</span> <span class='ocrx_word' id='word_1_164' title='bbox 621 2073 777 2120; x_wconf 79' lang='lat' dir='ltr'>recentiores</span> <span class='ocrx_word' id='word_1_165' title='bbox 787 2070 856 2118; x_wconf 89' lang='lat' dir='ltr'>card.</span> <span class='ocrx_word' id='word_1_166' title='bbox 870 2066 1019 2135; x_wconf 81' lang='lat' dir='ltr'>Gerdrlrum‚</span> <span class='ocrx_word' id='word_1_167' title='bbox 1035 2060 1080 2109; x_wconf 83' lang='lat' dir='ltr'>sed</span> 
     </span>
     <span class='ocr_line' id='line_1_23' title="bbox 58 2131 1083 2204; baseline -0.018 -15"><span class='ocrx_word' id='word_1_168' title='bbox 58 2140 197 2190; x_wconf 80' lang='lat' dir='ltr'>immerito.</span> <span class='ocrx_word' id='word_1_169' title='bbox 212 2141 308 2190; x_wconf 88' lang='lat' dir='ltr'>Omnes</span> <span class='ocrx_word' id='word_1_170' title='bbox 316 2140 457 2204; x_wconf 85' lang='lat' dir='ltr'>expendere</span> <span class='ocrx_word' id='word_1_171' title='bbox 472 2144 561 2190; x_wconf 82' lang='lat' dir='ltr'>textus.</span> <span class='ocrx_word' id='word_1_172' title='bbox 574 2135 666 2199; x_wconf 85' lang='lat' dir='ltr'>quibus</span> <span class='ocrx_word' id='word_1_173' title='bbox 679 2131 944 2198; x_wconf 70' lang='lat' dir='ltr'>ejusmcdial&#39;firmatro</span> <span class='ocrx_word' id='word_1_174' title='bbox 954 2138 1083 2186; x_wconf 66' lang='lat' dir='ltr'>coarguo-1</span> 
     </span>
     <span class='ocr_line' id='line_1_24' title="bbox 58 2186 1083 2262; baseline -0.018 -10"><span class='ocrx_word' id='word_1_175' title='bbox 58 2207 138 2262; x_wconf 83' lang='lat' dir='ltr'>retur,</span> <span class='ocrx_word' id='word_1_176' title='bbox 156 2203 198 2252; x_wconf 89' lang='lat' dir='ltr'>bic</span> <span class='ocrx_word' id='word_1_177' title='bbox 212 2219 264 2250; x_wconf 91' lang='lat' dir='ltr'>non</span> <span class='ocrx_word' id='word_1_178' title='bbox 278 2207 349 2250; x_wconf 84' lang='lat' dir='ltr'>vacat</span> <span class='ocrx_word' id='word_1_179' title='bbox 365 2219 370 2251; x_wconf 92' lang='lat'>:</span> <span class='ocrx_word' id='word_1_180' title='bbox 386 2205 558 2249; x_wconf 80' lang='lat' dir='ltr'>verumtamen</span> <span class='ocrx_word' id='word_1_181' title='bbox 574 2201 606 2245; x_wconf 93' lang='lat' dir='ltr'>ob</span> <span class='ocrx_word' id='word_1_182' title='bbox 620 2197 706 2246; x_wconf 75' lang='lat' dir='ltr'>oculos</span> <span class='ocrx_word' id='word_1_183' title='bbox 722 2196 797 2243; x_wconf 83' lang='lat' dir='ltr'>verba</span> <span class='ocrx_word' id='word_1_184' title='bbox 811 2189 975 2254; x_wconf 72' lang='lat' dir='ltr'>sequentias.</span> <span class='ocrx_word' id='word_1_185' title='bbox 990 2186 1083 2234; x_wconf 55' lang='lat' dir='ltr'>Bonae</span> 
     </span>
     <span class='ocr_line' id='line_1_25' title="bbox 59 2259 1026 2327; baseline -0.01 -15"><span class='ocrx_word' id='word_1_186' title='bbox 59 2271 175 2314; x_wconf 80' lang='lat' dir='ltr'>venturae</span> <span class='ocrx_word' id='word_1_187' title='bbox 188 2269 214 2313; x_wconf 91' lang='lat' dir='ltr'>et</span> <span class='ocrx_word' id='word_1_188' title='bbox 224 2267 249 2313; x_wconf 81' lang='lat' dir='ltr'>S.</span> <span class='ocrx_word' id='word_1_189' title='bbox 266 2265 370 2312; x_wconf 85' lang='lat' dir='ltr'>Thomae</span> <span class='ocrx_word' id='word_1_190' title='bbox 385 2278 478 2327; x_wconf 82' lang='lat' dir='ltr'>ponere</span> <span class='ocrx_word' id='word_1_191' title='bbox 486 2259 594 2326; x_wconf 84' lang='lat' dir='ltr'>expedit.</span> <span class='ocrx_word' id='word_1_192' title='bbox 872 2313 877 2322; x_wconf 38' lang='grc' dir='ltr'>Ι</span> <span class='ocrx_word' id='word_1_193' title='bbox 1022 2307 1026 2316; x_wconf 57' lang='grc'>,</span> 
     </span>
    </p>

    <p class='ocr_par' dir='ltr' id='par_1_7' title="bbox 59 2317 1079 2758">
     <span class='ocr_line' id='line_1_26' title="bbox 89 2317 1079 2388; baseline -0.022 -12"><span class='ocrx_word' id='word_1_194' title='bbox 89 2328 116 2376; x_wconf 82' lang='lat' dir='ltr'>S.</span> <span class='ocrx_word' id='word_1_195' title='bbox 131 2328 311 2376; x_wconf 79' lang='lat' dir='ltr'>Bonaventmu</span> <span class='ocrx_word' id='word_1_196' title='bbox 332 2324 384 2388; x_wconf 84' lang='lat' dir='ltr'>(lib.</span> <span class='ocrx_word' id='word_1_197' title='bbox 400 2326 431 2382; x_wconf 80' lang='lat' dir='ltr'>ll,</span> <span class='ocrx_word' id='word_1_198' title='bbox 454 2323 569 2380; x_wconf 77' lang='lat' dir='ltr'>sent.‚d.</span> <span class='ocrx_word' id='word_1_199' title='bbox 585 2322 609 2380; x_wconf 85' lang='lat'>3,</span> <span class='ocrx_word' id='word_1_200' title='bbox 625 2337 648 2384; x_wconf 88' lang='lat' dir='ltr'>p.</span> <span class='ocrx_word' id='word_1_201' title='bbox 663 2321 688 2378; x_wconf 80' lang='lat'>2,</span> <span class='ocrx_word' id='word_1_202' title='bbox 704 2336 727 2368; x_wconf 88' lang='lat' dir='ltr'>a.</span> <span class='ocrx_word' id='word_1_203' title='bbox 742 2318 765 2375; x_wconf 80' lang='lat'>2,</span> <span class='ocrx_word' id='word_1_204' title='bbox 781 2334 807 2381; x_wconf 89' lang='lat' dir='ltr'>q.</span> <span class='ocrx_word' id='word_1_205' title='bbox 822 2317 856 2376; x_wconf 71' lang='lat'>2),</span> <span class='ocrx_word' id='word_1_206' title='bbox 872 2329 898 2362; x_wconf 90' lang='lat' dir='ltr'>m</span> <span class='ocrx_word' id='word_1_207' title='bbox 915 2326 973 2381; x_wconf 55' lang='lat' dir='ltr'>resp</span> <span class='ocrx_word' id='word_1_208' title='bbox 990 2323 1079 2377; x_wconf 79' lang='lat' dir='ltr'>risione</span> 
     </span>
     <span class='ocr_line' id='line_1_27' title="bbox 59 2374 1079 2451; baseline -0.023 -13"><span class='ocrx_word' id='word_1_209' title='bbox 59 2389 90 2438; x_wconf 85' lang='lat' dir='ltr'>ad</span> <span class='ocrx_word' id='word_1_210' title='bbox 104 2395 203 2437; x_wconf 84' lang='lat' dir='ltr'>sextam</span> <span class='ocrx_word' id='word_1_211' title='bbox 218 2389 394 2451; x_wconf 82' lang='lat' dir='ltr'>objectionem.</span> <span class='ocrx_word' id='word_1_212' title='bbox 412 2401 468 2450; x_wconf 89' lang='lat' dir='ltr'>quae</span> <span class='ocrx_word' id='word_1_213' title='bbox 483 2401 517 2434; x_wconf 75' lang='lat' dir='ltr'>eac</span> <span class='ocrx_word' id='word_1_214' title='bbox 532 2385 656 2432; x_wconf 77' lang='lat' dir='ltr'>doctrina</span> <span class='ocrx_word' id='word_1_215' title='bbox 677 2383 707 2431; x_wconf 87' lang='lat' dir='ltr'>S.</span> <span class='ocrx_word' id='word_1_216' title='bbox 721 2378 874 2442; x_wconf 57' lang='lat' dir='ltr'>‘eripuerint</span> <span class='ocrx_word' id='word_1_217' title='bbox 887 2376 918 2424; x_wconf 92' lang='lat' dir='ltr'>de</span> <span class='ocrx_word' id='word_1_218' title='bbox 933 2374 1079 2442; x_wconf 77' lang='lat' dir='ltr'>immediata</span> 
     </span>
     <span class='ocr_line' id='line_1_28' title="bbox 60 2432 1079 2514; baseline -0.022 -14"><span class='ocrx_word' id='word_1_219' title='bbox 60 2448 104 2500; x_wconf 85' lang='lat' dir='ltr'>Dei</span> <span class='ocrx_word' id='word_1_220' title='bbox 120 2451 217 2498; x_wconf 83' lang='lat' dir='ltr'>visione</span> <span class='ocrx_word' id='word_1_221' title='bbox 245 2449 348 2514; x_wconf 83' lang='lat' dir='ltr'>petitur,</span> <span class='ocrx_word' id='word_1_222' title='bbox 364 2449 407 2496; x_wconf 91' lang='lat' dir='ltr'>ait:</span> <span class='ocrx_word' id='word_1_223' title='bbox 423 2467 436 2493; x_wconf 90' lang='lat'>«</span> <span class='ocrx_word' id='word_1_224' title='bbox 455 2450 507 2497; x_wconf 87' lang='lat' dir='ltr'>Nec</span> <span class='ocrx_word' id='word_1_225' title='bbox 532 2445 594 2494; x_wconf 85' lang='lat' dir='ltr'>illud</span> <span class='ocrx_word' id='word_1_226' title='bbox 623 2443 775 2506; x_wconf 76' lang='lat' dir='ltr'>(intellectus</span> <span class='ocrx_word' id='word_1_227' title='bbox 803 2441 947 2505; x_wconf 35' lang='lat' dir='ltr'>agens-est</span> <span class='ocrx_word' id='word_1_228' title='bbox 973 2432 1079 2493; x_wconf 67' lang='lat' dir='ltr'>aliquid</span> 
     </span>
     <span class='ocr_line' id='line_1_29' title="bbox 60 2500 1079 2573; baseline -0.019 -13"><span class='ocrx_word' id='word_1_229' title='bbox 60 2511 156 2572; x_wconf 69' lang='lat' dir='ltr'>citimi)</span> <span class='ocrx_word' id='word_1_230' title='bbox 171 2516 207 2560; x_wconf 84' lang='lat' dir='ltr'>est</span> <span class='ocrx_word' id='word_1_231' title='bbox 221 2519 310 2560; x_wconf 87' lang='lat' dir='ltr'>contra</span> <span class='ocrx_word' id='word_1_232' title='bbox 323 2509 502 2573; x_wconf 68' lang='lat' dir='ltr'>augustinum,</span> <span class='ocrx_word' id='word_1_233' title='bbox 514 2509 572 2572; x_wconf 85' lang='lat' dir='ltr'>quia</span> <span class='ocrx_word' id='word_1_234' title='bbox 583 2504 740 2569; x_wconf 75' lang='lat' dir='ltr'>Augustinus</span> <span class='ocrx_word' id='word_1_235' title='bbox 750 2504 804 2552; x_wconf 93' lang='lat' dir='ltr'>vult</span> <span class='ocrx_word' id='word_1_236' title='bbox 812 2500 880 2566; x_wconf 88' lang='lat' dir='ltr'>quod</span> <span class='ocrx_word' id='word_1_237' title='bbox 888 2502 958 2545; x_wconf 86' lang='lat' dir='ltr'>intra</span> <span class='ocrx_word' id='word_1_238' title='bbox 966 2500 1079 2567; x_wconf 79' lang='lat' dir='ltr'>mentem</span> 
     </span>
     <span class='ocr_line' id='line_1_30' title="bbox 60 2560 1078 2624; baseline -0.018 -2"><span class='ocrx_word' id='word_1_239' title='bbox 60 2581 84 2622; x_wconf 91' lang='lat' dir='ltr'>et</span> <span class='ocrx_word' id='word_1_240' title='bbox 98 2576 179 2622; x_wconf 88' lang='lat' dir='ltr'>Deum</span> <span class='ocrx_word' id='word_1_241' title='bbox 195 2574 290 2620; x_wconf 90' lang='lat' dir='ltr'>nullum</span> <span class='ocrx_word' id='word_1_242' title='bbox 305 2571 373 2621; x_wconf 77' lang='lat' dir='ltr'>cadit</span> <span class='ocrx_word' id='word_1_243' title='bbox 386 2571 508 2624; x_wconf 76' lang='lat' dir='ltr'>medium.</span> <span class='ocrx_word' id='word_1_244' title='bbox 522 2569 618 2618; x_wconf 85' lang='lat' dir='ltr'>scilicet</span> <span class='ocrx_word' id='word_1_245' title='bbox 632 2571 663 2616; x_wconf 76' lang='lat' dir='ltr'>ira</span> <span class='ocrx_word' id='word_1_246' title='bbox 672 2569 779 2615; x_wconf 73' lang='lat' dir='ltr'>ratione</span> <span class='ocrx_word' id='word_1_247' title='bbox 792 2578 883 2613; x_wconf 75' lang='lat' dir='ltr'>caacsoe</span> <span class='ocrx_word' id='word_1_248' title='bbox 906 2560 1078 2620; x_wconf 68' lang='lat' dir='ltr'>efficientis...</span> 
     </span>
     <span class='ocr_line' id='line_1_31' title="bbox 61 2618 1077 2693; baseline -0.019 -9"><span class='ocrx_word' id='word_1_249' title='bbox 61 2633 127 2684; x_wconf 84' lang='lat' dir='ltr'>cadit</span> <span class='ocrx_word' id='word_1_250' title='bbox 151 2643 242 2683; x_wconf 73' lang='lat' dir='ltr'>taraco</span> <span class='ocrx_word' id='word_1_251' title='bbox 268 2635 385 2683; x_wconf 81' lang='lat' dir='ltr'>medium</span> <span class='ocrx_word' id='word_1_252' title='bbox 399 2631 613 2690; x_wconf 85' lang='lat' dir='ltr'>manuductionis,</span> <span class='ocrx_word' id='word_1_253' title='bbox 630 2645 725 2693; x_wconf 86' lang='lat' dir='ltr'>»quae‚</span> <span class='ocrx_word' id='word_1_254' title='bbox 740 2632 768 2675; x_wconf 92' lang='lat' dir='ltr'>ut</span> <span class='ocrx_word' id='word_1_255' title='bbox 781 2626 834 2692; x_wconf 89' lang='lat' dir='ltr'>ipse</span> <span class='ocrx_word' id='word_1_256' title='bbox 853 2625 949 2674; x_wconf 84' lang='lat' dir='ltr'>Doctor</span> <span class='ocrx_word' id='word_1_257' title='bbox 976 2618 1077 2681; x_wconf 86' lang='lat' dir='ltr'>seraph.</span> 
     </span>
     <span class='ocr_line' id='line_1_32' title="bbox 60 2695 590 2758; baseline -0.008 -13"><span class='ocrx_word' id='word_1_258' title='bbox 60 2697 255 2758; x_wconf 57' lang='lat' dir='ltr'>intepretatur,</span> <span class='ocrx_word' id='word_1_259' title='bbox 271 2700 331 2744; x_wconf 88' lang='lat' dir='ltr'>sunt</span> <span class='ocrx_word' id='word_1_260' title='bbox 344 2697 451 2758; x_wconf 78' lang='lat' dir='ltr'>effectur</span> <span class='ocrx_word' id='word_1_261' title='bbox 464 2695 590 2742; x_wconf 75' lang='lat' dir='ltr'>visibiles,</span> 
     </span>
    </p>

    <p class='ocr_par' dir='ltr' id='par_1_8' title="bbox 60 2745 1087 3440">
     <span class='ocr_line' id='line_1_33' title="bbox 91 2745 1080 2820; baseline -0.008 -12"><span class='ocrx_word' id='word_1_262' title='bbox 91 2760 117 2808; x_wconf 85' lang='lat' dir='ltr'>S.</span> <span class='ocrx_word' id='word_1_263' title='bbox 135 2759 247 2807; x_wconf 86' lang='lat' dir='ltr'>Thomas</span> <span class='ocrx_word' id='word_1_264' title='bbox 261 2757 288 2805; x_wconf 94' lang='lat' dir='ltr'>in</span> <span class='ocrx_word' id='word_1_265' title='bbox 307 2759 420 2805; x_wconf 80' lang='lat' dir='ltr'>Sununu</span> <span class='ocrx_word' id='word_1_266' title='bbox 451 2757 526 2804; x_wconf 83' lang='lat' dir='ltr'>theol.</span> <span class='ocrx_word' id='word_1_267' title='bbox 544 2759 563 2804; x_wconf 79' lang='lat' dir='ltr'>la</span> <span class='ocrx_word' id='word_1_268' title='bbox 577 2772 613 2820; x_wconf 89' lang='lat' dir='ltr'>p.‚</span> <span class='ocrx_word' id='word_1_269' title='bbox 628 2769 653 2817; x_wconf 89' lang='lat' dir='ltr'>q.</span> <span class='ocrx_word' id='word_1_270' title='bbox 664 2754 703 2811; x_wconf 80' lang='lat' dir='ltr'>al,</span> <span class='ocrx_word' id='word_1_271' title='bbox 718 2755 768 2800; x_wconf 87' lang='lat' dir='ltr'>art.</span> <span class='ocrx_word' id='word_1_272' title='bbox 785 2751 809 2812; x_wconf 89' lang='lat'>5)</span> <span class='ocrx_word' id='word_1_273' title='bbox 833 2764 838 2797; x_wconf 88' lang='lat'>:</span> <span class='ocrx_word' id='word_1_274' title='bbox 864 2758 881 2794; x_wconf 87' lang='grc'>«’</span> <span class='ocrx_word' id='word_1_275' title='bbox 897 2745 969 2807; x_wconf 83' lang='lat' dir='ltr'>Quod</span> <span class='ocrx_word' id='word_1_276' title='bbox 991 2746 1080 2810; x_wconf 81' lang='lat' dir='ltr'>autem</span> 
     </span>
     <span class='ocr_line' id='line_1_34' title="bbox 61 2809 1079 2884; baseline -0.018 -15"><span class='ocrx_word' id='word_1_277' title='bbox 61 2820 219 2884; x_wconf 72' lang='lat' dir='ltr'>Augustinus</span> <span class='ocrx_word' id='word_1_278' title='bbox 235 2835 285 2866; x_wconf 86' lang='lat' dir='ltr'>nou</span> <span class='ocrx_word' id='word_1_279' title='bbox 298 2819 332 2868; x_wconf 88' lang='lat' dir='ltr'>sic</span> <span class='ocrx_word' id='word_1_280' title='bbox 347 2817 512 2875; x_wconf 80' lang='lat' dir='ltr'>intellexerit,</span> <span class='ocrx_word' id='word_1_281' title='bbox 532 2817 617 2864; x_wconf 90' lang='lat' dir='ltr'>omnia</span> <span class='ocrx_word' id='word_1_282' title='bbox 631 2813 750 2878; x_wconf 52' lang='lat' dir='ltr'>cognosci</span> <span class='ocrx_word' id='word_1_283' title='bbox 765 2813 790 2862; x_wconf 92' lang='lat' dir='ltr'>in</span> <span class='ocrx_word' id='word_1_284' title='bbox 806 2809 1079 2876; x_wconf 33' lang='lat' dir='ltr'>rationibus-aeterms,</span> 
     </span>
     <span class='ocr_line' id='line_1_35' title="bbox 61 2870 1077 2942; baseline -0.017 -13"><span class='ocrx_word' id='word_1_285' title='bbox 61 2883 99 2930; x_wconf 91' lang='lat' dir='ltr'>vel</span> <span class='ocrx_word' id='word_1_286' title='bbox 114 2883 140 2929; x_wconf 86' lang='lat' dir='ltr'>in</span> <span class='ocrx_word' id='word_1_287' title='bbox 154 2879 352 2930; x_wconf 86' lang='lat' dir='ltr'>incommutabili</span> <span class='ocrx_word' id='word_1_288' title='bbox 367 2880 482 2934; x_wconf 82' lang='lat' dir='ltr'>veritate,</span> <span class='ocrx_word' id='word_1_289' title='bbox 498 2878 568 2942; x_wconf 88' lang='lat' dir='ltr'>quasi</span> <span class='ocrx_word' id='word_1_290' title='bbox 583 2879 590 2925; x_wconf 94' lang='lat' dir='ltr'>i</span> <span class='ocrx_word' id='word_1_291' title='bbox 609 2892 644 2926; x_wconf 87' lang='lat' dir='ltr'>sae</span> <span class='ocrx_word' id='word_1_292' title='bbox 666 2875 780 2924; x_wconf 87' lang='lat' dir='ltr'>rationes</span> <span class='ocrx_word' id='word_1_293' title='bbox 802 2878 906 2922; x_wconf 86' lang='lat' dir='ltr'>aeternas</span> <span class='ocrx_word' id='word_1_294' title='bbox 933 2870 1077 2940; x_wconf 69' lang='lat' dir='ltr'>videantur,</span> 
     </span>
     <span class='ocr_line' id='line_1_36' title="bbox 60 2895 1078 3008; baseline -0.015 -16"><span class='ocrx_word' id='word_1_295' title='bbox 60 2948 130 3008; x_wconf 86' lang='lat' dir='ltr'>patet</span> <span class='ocrx_word' id='word_1_296' title='bbox 143 2959 189 3008; x_wconf 89' lang='lat' dir='ltr'>per</span> <span class='ocrx_word' id='word_1_297' title='bbox 203 2945 252 2990; x_wconf 89' lang='lat' dir='ltr'>boo</span> <span class='ocrx_word' id='word_1_298' title='bbox 266 2943 334 3006; x_wconf 92' lang='lat' dir='ltr'>quod</span> <span class='ocrx_word' id='word_1_299' title='bbox 348 2941 411 2990; x_wconf 88' lang='lat' dir='ltr'>dicit</span> <span class='ocrx_word' id='word_1_300' title='bbox 425 2941 451 2988; x_wconf 91' lang='lat' dir='ltr'>in</span> <span class='ocrx_word' id='word_1_301' title='bbox 465 2942 511 2990; x_wconf 89' lang='lat' dir='ltr'>lib.</span> <span class='ocrx_word' id='word_1_302' title='bbox 529 2941 568 2989; x_wconf 88' lang='lat'>83.</span> <span class='ocrx_word' id='word_1_303' title='bbox 584 2895 624 3000; x_wconf 52' lang='grc'>(3,</span> <span class='ocrx_word' id='word_1_304' title='bbox 653 2940 720 3001; x_wconf 91' lang='lat' dir='ltr'>quod</span> <span class='ocrx_word' id='word_1_305' title='bbox 747 2934 888 3001; x_wconf 34' lang='lat' dir='ltr'>rationalis·</span> <span class='ocrx_word' id='word_1_306' title='bbox 913 2947 999 3001; x_wconf 71' lang='lat' dir='ltr'>anima</span> <span class='ocrx_word' id='word_1_307' title='bbox 1016 2943 1078 3000; x_wconf 82' lang='lat' dir='ltr'>¹nou</span> 
     </span>
     <span class='ocr_line' id='line_1_37' title="bbox 61 2996 1079 3069; baseline -0.015 -14"><span class='ocrx_word' id='word_1_308' title='bbox 61 3007 144 3055; x_wconf 86' lang='lat' dir='ltr'>omnis</span> <span class='ocrx_word' id='word_1_309' title='bbox 156 3018 328 3069; x_wconf 72' lang='lat' dir='ltr'>quaecumque,</span> <span class='ocrx_word' id='word_1_310' title='bbox 345 3003 387 3052; x_wconf 82' lang='lat' dir='ltr'>sed</span> <span class='ocrx_word' id='word_1_311' title='bbox 401 3018 458 3066; x_wconf 84' lang='lat' dir='ltr'>quae</span> <span class='ocrx_word' id='word_1_312' title='bbox 472 3010 567 3051; x_wconf 78' lang='lat' dir='ltr'>sanctu</span> <span class='ocrx_word' id='word_1_313' title='bbox 582 3011 605 3050; x_wconf 85' lang='lat' dir='ltr'>et</span> <span class='ocrx_word' id='word_1_314' title='bbox 618 3015 693 3062; x_wconf 79' lang='lat' dir='ltr'>puro</span> <span class='ocrx_word' id='word_1_315' title='bbox 702 3001 797 3059; x_wconf 78' lang='lat' dir='ltr'>fuerit,</span> <span class='ocrx_word' id='word_1_316' title='bbox 811 2999 934 3046; x_wconf 79' lang='lat' dir='ltr'>asseritur</span> <span class='ocrx_word' id='word_1_317' title='bbox 948 2996 984 3042; x_wconf 83' lang='lat' dir='ltr'>rlh</span> <span class='ocrx_word' id='word_1_318' title='bbox 999 3001 1079 3041; x_wconf 80' lang='lat' dir='ltr'>rusio-</span> 
     </span>
     <span class='ocr_line' id='line_1_38' title="bbox 61 3057 1087 3126; baseline -0.011 -12"><span class='ocrx_word' id='word_1_319' title='bbox 61 3068 96 3126; x_wconf 82' lang='lat' dir='ltr'>ni,</span> <span class='ocrx_word' id='word_1_320' title='bbox 111 3066 207 3116; x_wconf 79' lang='lat' dir='ltr'>scilicet</span> <span class='ocrx_word' id='word_1_321' title='bbox 221 3065 347 3118; x_wconf 87' lang='lat' dir='ltr'>rationum</span> <span class='ocrx_word' id='word_1_322' title='bbox 363 3071 515 3115; x_wconf 88' lang='lat' dir='ltr'>aeternarum</span> <span class='ocrx_word' id='word_1_323' title='bbox 530 3079 583 3112; x_wconf 89' lang='lat' dir='ltr'>esse</span> <span class='ocrx_word' id='word_1_324' title='bbox 598 3063 723 3112; x_wconf 85' lang='lat' dir='ltr'>idonea».</span> <span class='ocrx_word' id='word_1_325' title='bbox 740 3061 835 3111; x_wconf 74' lang='lat' dir='ltr'>Eodem</span> <span class='ocrx_word' id='word_1_326' title='bbox 848 3057 924 3108; x_wconf 90' lang='lat' dir='ltr'>modo</span> <span class='ocrx_word' id='word_1_327' title='bbox 936 3057 963 3106; x_wconf 86' lang='lat' dir='ltr'>S.</span> <span class='ocrx_word' id='word_1_328' title='bbox 979 3057 1087 3118; x_wconf 61' lang='lat' dir='ltr'>Augus«-</span> 
     </span>
     <span class='ocr_line' id='line_1_39' title="bbox 61 3117 1079 3192; baseline -0.013 -15"><span class='ocrx_word' id='word_1_329' title='bbox 61 3129 142 3177; x_wconf 91' lang='lat' dir='ltr'>tinum</span> <span class='ocrx_word' id='word_1_330' title='bbox 167 3129 367 3192; x_wconf 86' lang='lat' dir='ltr'>interpretantur</span> <span class='ocrx_word' id='word_1_331' title='bbox 395 3125 529 3176; x_wconf 67' lang='lat' dir='ltr'>Suarezius</span> <span class='ocrx_word' id='word_1_332' title='bbox 555 3131 581 3174; x_wconf 88' lang='lat' dir='ltr'>et</span> <span class='ocrx_word' id='word_1_333' title='bbox 608 3137 695 3174; x_wconf 86' lang='lat' dir='ltr'>omnes</span> <span class='ocrx_word' id='word_1_334' title='bbox 717 3138 822 3188; x_wconf 85' lang='lat' dir='ltr'>prorsus</span> <span class='ocrx_word' id='word_1_335' title='bbox 846 3119 954 3183; x_wconf 85' lang='lat' dir='ltr'>theologi</span> <span class='ocrx_word' id='word_1_336' title='bbox 972 3117 1079 3179; x_wconf 78' lang='lat' dir='ltr'>alicujus</span> 
     </span>
     <span class='ocr_line' id='line_1_40' title="bbox 61 3181 1079 3252; baseline -0.012 -14"><span class='ocrx_word' id='word_1_337' title='bbox 61 3192 193 3248; x_wconf 83' lang='lat' dir='ltr'>momenti,</span> <span class='ocrx_word' id='word_1_338' title='bbox 208 3189 318 3252; x_wconf 87' lang='lat' dir='ltr'>itemque</span> <span class='ocrx_word' id='word_1_339' title='bbox 333 3204 420 3238; x_wconf 88' lang='lat' dir='ltr'>omnes</span> <span class='ocrx_word' id='word_1_340' title='bbox 434 3191 463 3237; x_wconf 74' lang='lat' dir='ltr'>S.</span> <span class='ocrx_word' id='word_1_341' title='bbox 477 3189 543 3246; x_wconf 67' lang='lat' dir='ltr'>Aua.</span> <span class='ocrx_word' id='word_1_342' title='bbox 559 3190 729 3236; x_wconf 82' lang='lat' dir='ltr'>errarratores.</span> <span class='ocrx_word' id='word_1_343' title='bbox 741 3184 858 3234; x_wconf 86' lang='lat' dir='ltr'>lnaudita</span> <span class='ocrx_word' id='word_1_344' title='bbox 868 3197 930 3244; x_wconf 82' lang='lat' dir='ltr'>ergo</span> <span class='ocrx_word' id='word_1_345' title='bbox 943 3187 981 3230; x_wconf 86' lang='lat' dir='ltr'>est</span> <span class='ocrx_word' id='word_1_346' title='bbox 996 3181 1079 3229; x_wconf 88' lang='lat' dir='ltr'>inter-</span> 
     </span>
     <span class='ocr_line' id='line_1_41' title="bbox 60 3243 1078 3317; baseline -0.01 -17"><span class='ocrx_word' id='word_1_347' title='bbox 60 3257 169 3317; x_wconf 85' lang='lat' dir='ltr'>pretabo</span> <span class='ocrx_word' id='word_1_348' title='bbox 184 3253 370 3314; x_wconf 87' lang='lat' dir='ltr'>ontologorum.</span> <span class='ocrx_word' id='word_1_349' title='bbox 388 3249 452 3300; x_wconf 86' lang='lat' dir='ltr'>Vide</span> <span class='ocrx_word' id='word_1_350' title='bbox 466 3251 496 3299; x_wconf 91' lang='lat' dir='ltr'>P.</span> <span class='ocrx_word' id='word_1_351' title='bbox 513 3251 645 3298; x_wconf 84' lang='lat' dir='ltr'>Franzelin</span> <span class='ocrx_word' id='word_1_352' title='bbox 656 3249 751 3308; x_wconf 83' lang='lat' dir='ltr'>(Tract.</span> <span class='ocrx_word' id='word_1_353' title='bbox 764 3248 856 3295; x_wconf 84' lang='lat' dir='ltr'>deDeo</span> <span class='ocrx_word' id='word_1_354' title='bbox 872 3243 1078 3293; x_wconf 79' lang='lat' dir='ltr'>unoseoimdum</span> 
     </span>
     <span class='ocr_line' id='line_1_42' title="bbox 61 3305 1081 3375; baseline -0.01 -13"><span class='ocrx_word' id='word_1_355' title='bbox 61 3322 201 3372; x_wconf 80' lang='lat' dir='ltr'>naturum,</span> <span class='ocrx_word' id='word_1_356' title='bbox 217 3315 281 3362; x_wconf 87' lang='lat' dir='ltr'>thes.</span> <span class='ocrx_word' id='word_1_357' title='bbox 306 3315 341 3373; x_wconf 84' lang='lat' dir='ltr'>xi)</span> <span class='ocrx_word' id='word_1_358' title='bbox 371 3313 413 3375; x_wconf 89' lang='lat' dir='ltr'>qui</span> <span class='ocrx_word' id='word_1_359' title='bbox 443 3327 528 3360; x_wconf 83' lang='lat' dir='ltr'>veram</span> <span class='ocrx_word' id='word_1_360' title='bbox 556 3309 708 3360; x_wconf 88' lang='lat' dir='ltr'>sententiam</span> <span class='ocrx_word' id='word_1_361' title='bbox 736 3311 762 3358; x_wconf 86' lang='lat' dir='ltr'>S.</span> <span class='ocrx_word' id='word_1_362' title='bbox 789 3305 925 3372; x_wconf 80' lang='lat' dir='ltr'>Augustini</span> <span class='ocrx_word' id='word_1_363' title='bbox 955 3305 1081 3369; x_wconf 77' lang='lat' dir='ltr'>praeclare</span> 
     </span>
     <span class='ocr_line' id='line_1_43' title="bbox 62 3373 1077 3440; baseline -0.011 -14"><span class='ocrx_word' id='word_1_364' title='bbox 62 3376 144 3440; x_wconf 85' lang='lat' dir='ltr'>aperit</span> <span class='ocrx_word' id='word_1_365' title='bbox 157 3380 183 3424; x_wconf 89' lang='lat' dir='ltr'>et</span> <span class='ocrx_word' id='word_1_366' title='bbox 195 3375 272 3424; x_wconf 80' lang='lat' dir='ltr'>tricas</span> <span class='ocrx_word' id='word_1_367' title='bbox 282 3374 466 3436; x_wconf 67' lang='lat' dir='ltr'>Ontologorum</span> <span class='ocrx_word' id='word_1_368' title='bbox 480 3373 551 3436; x_wconf 79' lang='lat' dir='ltr'>erpel</span> <span class='ocrx_word' id='word_1_369' title='bbox 562 3376 590 3421; x_wconf 89' lang='lat' dir='ltr'>it.</span> <span class='ocrx_word' id='word_1_370' title='bbox 1074 3391 1077 3395; x_wconf 95' lang='lat'>·</span> 
     </span>
    </p>

    <p class='ocr_par' dir='ltr' id='par_1_9' title="bbox 62 3429 1086 3748">
     <span class='ocr_line' id='line_1_44' title="bbox 91 3429 1086 3496; baseline -0.011 -11"><span class='ocrx_word' id='word_1_371' title='bbox 91 3437 179 3496; x_wconf 86' lang='lat' dir='ltr'>Quoad</span> <span class='ocrx_word' id='word_1_372' title='bbox 193 3436 353 3486; x_wconf 70' lang='lat' dir='ltr'>cardinalem</span> <span class='ocrx_word' id='word_1_373' title='bbox 367 3437 463 3494; x_wconf 74' lang='lat' dir='ltr'>(lardi,</span> <span class='ocrx_word' id='word_1_374' title='bbox 483 3435 592 3484; x_wconf 81' lang='lat' dir='ltr'>latemur</span> <span class='ocrx_word' id='word_1_375' title='bbox 610 3435 684 3484; x_wconf 85' lang='lat' dir='ltr'>illum</span> <span class='ocrx_word' id='word_1_376' title='bbox 710 3431 883 3481; x_wconf 85' lang='lat' dir='ltr'>defensionem</span> <span class='ocrx_word' id='word_1_377' title='bbox 909 3429 1036 3479; x_wconf 88' lang='lat' dir='ltr'>doctrinae</span> <span class='ocrx_word' id='word_1_378' title='bbox 1063 3443 1086 3477; x_wconf 62' lang='lat' dir='ltr'>a.</span> 
     </span>
     <span class='ocr_line' id='line_1_45' title="bbox 62 3488 1079 3562; baseline -0.009 -15"><span class='ocrx_word' id='word_1_379' title='bbox 62 3499 240 3548; x_wconf 87' lang='lat' dir='ltr'>Malebranche</span> <span class='ocrx_word' id='word_1_380' title='bbox 255 3501 361 3546; x_wconf 85' lang='lat' dir='ltr'>invectae</span> <span class='ocrx_word' id='word_1_381' title='bbox 374 3499 490 3562; x_wconf 81' lang='lat' dir='ltr'>primitus</span> <span class='ocrx_word' id='word_1_382' title='bbox 506 3496 685 3560; x_wconf 76' lang='lat' dir='ltr'>assurnpsisse3</span> <span class='ocrx_word' id='word_1_383' title='bbox 701 3495 743 3542; x_wconf 89' lang='lat' dir='ltr'>sed</span> <span class='ocrx_word' id='word_1_384' title='bbox 770 3499 866 3557; x_wconf 83' lang='lat' dir='ltr'>postea,</span> <span class='ocrx_word' id='word_1_385' title='bbox 894 3491 921 3539; x_wconf 91' lang='lat' dir='ltr'>in</span> <span class='ocrx_word' id='word_1_386' title='bbox 944 3488 1079 3540; x_wconf 87' lang='lat' dir='ltr'>maturiori</span> 
     </span>
     <span class='ocr_line' id='line_1_46' title="bbox 63 3552 1079 3620; baseline -0.011 -12"><span class='ocrx_word' id='word_1_387' title='bbox 63 3567 147 3620; x_wconf 88' lang='lat' dir='ltr'>aetate,</span> <span class='ocrx_word' id='word_1_388' title='bbox 161 3563 225 3609; x_wconf 86' lang='lat' dir='ltr'>hanc</span> <span class='ocrx_word' id='word_1_389' title='bbox 236 3558 408 3608; x_wconf 80' lang='lat' dir='ltr'>defensionem</span> <span class='ocrx_word' id='word_1_390' title='bbox 420 3558 576 3612; x_wconf 68' lang='lat' dir='ltr'>retractavit,</span> <span class='ocrx_word' id='word_1_391' title='bbox 593 3565 618 3608; x_wconf 92' lang='lat' dir='ltr'>et</span> <span class='ocrx_word' id='word_1_392' title='bbox 631 3557 724 3606; x_wconf 77' lang='lat' dir='ltr'>exinde</span> <span class='ocrx_word' id='word_1_393' title='bbox 744 3557 798 3617; x_wconf 80' lang='lat' dir='ltr'>eius</span> <span class='ocrx_word' id='word_1_394' title='bbox 820 3555 959 3604; x_wconf 88' lang='lat' dir='ltr'>auctoritas</span> <span class='ocrx_word' id='word_1_395' title='bbox 975 3552 1079 3600; x_wconf 78' lang='lat' dir='ltr'>ontolo-</span> 
     </span>
     <span class='ocr_line' id='line_1_47' title="bbox 63 3618 1083 3686; baseline -0.004 -19"><span class='ocrx_word' id='word_1_396' title='bbox 63 3621 143 3686; x_wconf 84' lang='lat' dir='ltr'>gismo</span> <span class='ocrx_word' id='word_1_397' title='bbox 167 3623 312 3670; x_wconf 86' lang='lat' dir='ltr'>nullatenus</span> <span class='ocrx_word' id='word_1_398' title='bbox 335 3623 408 3670; x_wconf 86' lang='lat' dir='ltr'>iavet.</span> <span class='ocrx_word' id='word_1_399' title='bbox 434 3620 508 3682; x_wconf 73' lang='lat' dir='ltr'>(Vide</span> <span class='ocrx_word' id='word_1_400' title='bbox 526 3621 605 3669; x_wconf 84' lang='lat' dir='ltr'>Delio</span> <span class='ocrx_word' id='word_1_401' title='bbox 629 3635 730 3677; x_wconf 75' lang='lat' dir='ltr'>corroso,</span> <span class='ocrx_word' id='word_1_402' title='bbox 753 3618 839 3679; x_wconf 61' lang='lat' dir='ltr'>intel„</span> <span class='ocrx_word' id='word_1_403' title='bbox 855 3619 867 3664; x_wconf 91' lang='lat' dir='ltr'>l</span> <span class='ocrx_word' id='word_1_404' title='bbox 882 3624 960 3682; x_wconf 80' lang='lat' dir='ltr'>part,</span> <span class='ocrx_word' id='word_1_405' title='bbox 976 3631 999 3663; x_wconf 92' lang='lat' dir='ltr'>c.</span> <span class='ocrx_word' id='word_1_406' title='bbox 1014 3628 1044 3675; x_wconf 84' lang='lat'>11,</span> <span class='ocrx_word' id='word_1_407' title='bbox 1059 3627 1083 3664; x_wconf 75' lang='lat' dir='ltr'>a</span> 
     </span>
     <span class='ocr_line' id='line_1_48' title="bbox 62 3681 807 3748; baseline -0.008 -14"><span class='ocrx_word' id='word_1_408' title='bbox 62 3684 189 3744; x_wconf 81' lang='lat' dir='ltr'>XII-XV3</span> <span class='ocrx_word' id='word_1_409' title='bbox 204 3684 277 3733; x_wconf 83' lang='lat' dir='ltr'>Phil.</span> <span class='ocrx_word' id='word_1_410' title='bbox 295 3684 393 3742; x_wconf 70' lang='lat' dir='ltr'>Clariae,</span> <span class='ocrx_word' id='word_1_411' title='bbox 409 3699 434 3748; x_wconf 95' lang='lat' dir='ltr'>p.</span> <span class='ocrx_word' id='word_1_412' title='bbox 453 3698 501 3747; x_wconf 87' lang='lat' dir='ltr'>sp,</span> <span class='ocrx_word' id='word_1_413' title='bbox 516 3698 538 3732; x_wconf 85' lang='lat' dir='ltr'>c.</span> <span class='ocrx_word' id='word_1_414' title='bbox 555 3696 601 3741; x_wconf 83' lang='lat' dir='ltr'>vn,</span> <span class='ocrx_word' id='word_1_415' title='bbox 616 3698 639 3730; x_wconf 85' lang='lat' dir='ltr'>a.</span> <span class='ocrx_word' id='word_1_416' title='bbox 657 3683 679 3733; x_wconf 95' lang='lat' dir='ltr'>V</span> <span class='ocrx_word' id='word_1_417' title='bbox 693 3686 720 3729; x_wconf 86' lang='lat' dir='ltr'>et</span> <span class='ocrx_word' id='word_1_418' title='bbox 729 3681 807 3742; x_wconf 85' lang='lat' dir='ltr'>ahhi).</span> 
     </span>
    </p>
   </div>
   <div class='ocr_carea' id='block_1_6' title="bbox 0 0 1329 4209">
    <p class='ocr_par' dir='ltr' id='par_1_10' title="bbox 0 0 1329 4209">
     <span class='ocr_line' id='line_1_49' title="bbox 0 0 1329 4209; baseline 0 0"><span class='ocrx_word' id='word_1_419' title='bbox 0 0 1329 4209; x_wconf 95' lang='lat' dir='ltr'> </span> 
     </span>
    </p>
   </div>
  </div>
 </body>
</html>
