2642 4209
282 384 353 458 Qua
375 382 417 442 de
440 397 539 442 causa
560 380 673 442 Patres
704 376 901 457 profitentur
930 381 1037 440 Deum
1067 376 1192 440 facilins
1225 387 1252 441 et

241 462 420 541 perfectius
450 462 607 539 cognosci
637 476 699 537 per
729 460 941 537 negationem
969 476 1069 537 quam
1092 475 1154 536 per
1173 458 1249 520 affir-
1288 472 1289 475 ’

241 544 447 605 mationem:
472 557 537 620 quo
560 540 646 601 enim
669 536 864 616 profundius
895 539 1110 617 intelligimus
1140 542 1249 616 imper·

240 622 418 685 fectionem
449 626 567 682 nostre
600 618 795 696 cognitionis
817 624 851 679 et
871 617 1050 696 perfectius
1084 624 1248 696 cognosci·

241 719 317 767 mus
337 702 581 779 imparilitatem
602 698 890 761 adumbrationum
918 698 960 760 ad
983 700 1091 761 Deum
1110 703 1148 759 ut
1168 700 1200 759 in
1219 717 1250 761 se
1289 712 1290 739 t

240 787 295 846 ¹est
315 779 605 855 manifestandum,
629 795 669 841 eo
691 779 801 840 verius
823 780 883 840 Dei
910 777 1133 856 perfectiones
1166 780 1249 841 intel·

243 862 389 942 ligimus,
936 862 939 869 '

244 985 315 1046 336.
339 1015 375 1026 -
397 985 505 1043 Tarsis
518 981 567 1041 lv.
579 980 822 1056 Affirmottones
832 997 894 1056 per
904 982 1112 1043 eminentiam
1128 984 1161 1043 tn
1173 989 1247 1045 recto

285 1067 324 1125 de
338 1067 404 1124 Deo
418 1062 514 1123 sinent
536 1061 707 1135 affirmant
724 1062 940 1135 perfectiones
963 1063 1136 1137 simplices,
1161 1068 1187 1125 et
1205 1081 1248 1123 ne·

284 1149 362 1219 pant
376 1145 505 1203 eosdem
519 1157 584 1201 esse
604 1143 719 1201 mileo
737 1144 914 1202 secundnm
937 1143 1072 1202 modum
1097 1158 1159 1218 qno
1183 1144 1248 1204 illos

286 1222 567 1299 apprehendimus.

285 1337 382 1397 Prot.
405 1333 561 1396 Notiones
582 1349 643 1410 per
666 1348 839 1394 excessum
862 1333 985 1395 directe
1001 1334 1172 1397 declarant
1184 1352 1246 1413 per·

242 1409 405 1480 sectiones
426 1414 727 1492 supereminentius
755 1428 829 1473 esse
849 1414 883 1475 in
905 1415 995 1488 Deo;
1027 1432 1125 1490 porro
1157 1419 1248 1477 mani-

243 1496 365 1559 festum
387 1494 491 1556 estid
514 1494 638 1555 directe
660 1495 834 1569 importare
859 1495 887 1553 1⁰
908 1492 1156 1558 affirmationem
1188 1513 1247 1573 per-

246 1575 409 1649 fectionis,
442 1579 543 1651 atque
578 1574 610 1634 2⁰
644 1573 859 1651 negationem
894 1572 1149 1651 imperfectionis
1176 1577 1247 1637 illius

244 1656 347 1728 modi,
364 1672 430 1734 quo
451 1669 513 1714 nos
536 1652 674 1713 easdem
695 1651 915 1729 perfectiones
937 1655 1245 1734 concipimusllrgo.

240 252 301 312 212
538 264 721 309 anavnmuu
743 262 945 309 rnrtosornra

286 1738 358 1798 337.
381 1770 420 1782 -
442 1738 516 1795 Cor.
540 1735 564 1793 l.
588 1733 670 1795 Cum
702 1738 769 1793 tres
796 1733 855 1792 illae
886 1734 1048 1809 speciales
1079 1740 1245 1797 nostromn
1293 1744 1294 1747 ’

246 1816 289 1879 de
316 1816 373 1877 Dei
410 1813 592 1893 quidditate
628 1816 849 1888 conceptuum
871 1814 1026 1881 rationes,
1051 1815 1127 1876 licet
1147 1821 1242 1876 mutuo

245 1896 360 1958 habitu
394 1911 469 1955 sese
502 1894 677 1969 excipiant,
714 1894 859 1971 ideoque
894 1910 963 1953 non
997 1896 1062 1954 sint
1095 1894 1243 1973 adaquata

248 1976 417 2044 distincta,
441 1975 565 2034 directe
587 1977 697 2033 tamen
719 1989 786 2033 non
808 1970 929 2033 eodem
949 1974 1049 2035 modo
1066 1974 1241 2053 significant,
1294 1974 1295 1979 ’

246 2056 362 2118 haberi
392 2060 531 2130 possunt
570 2059 606 2113 ut
631 2056 698 2113 tres
729 2053 820 2113 modi
863 2052 1004 2116 distincti
1038 2056 1242 2134 cognoscendi

247 2136 329 2215 quid
350 2135 392 2195 sit
406 2135 506 2194 Deus.

288 2217 358 2277 338.
382 2246 421 2256 -
444 2217 518 2274 Cor.
543 2212 580 2272 ll.
604 2212 652 2271 Ex
679 2208 774 2272 dictis
807 2209 849 2272 de
879 2209 978 2272 modo
1006 2215 1163 2291 arguitivo
1191 2231 1243 2292 quo
1295 2234 1296 2257 ³

246 2298 354 2358 Deum
377 2292 618 2372 cognoscimus,
642 2290 752 2367 deque
774 2291 972 2367 specialibus
994 2294 1171 2355 rationibus
1185 2297 1244 2371 qui-

246 2377 310 2439 bus
333 2376 539 2450 declaramus
562 2369 642 2449 quid
668 2370 709 2430 sit
731 2372 831 2441 Deus,
856 2374 1069 2448 consequitur
1081 2375 1245 2436 notionibus

246 2455 480 2532 mattiptictons
493 2451 586 2512 nobis
601 2466 685 2527 opus
708 2466 794 2526 esse,
811 2454 849 2511 ut
862 2451 1107 2529 quadamtenus
1123 2454 1197 2532 quid
1213 2456 1245 2515 sit

250 2538 341 2598 Deus
362 2534 594 2610 intelligamus.
982 2566 985 2578 ·

288 2616 363 2678 sm.
389 2615 429 2675 Ut
449 2628 510 2690 per
530 2627 567 2671 se
588 2613 689 2686 patet,
713 2608 777 2671 hoc
798 2609 899 2670 modo
920 2608 987 2690 (Ta.
1012 2610 1063 2691 lV)
1085 2627 1153 2674 non
1185 2629 1244 2689 pos-

248 2703 325 2757 sunt
346 2692 499 2756 affirmari
523 2690 564 2751 de
586 2693 655 2751 Deo
678 2688 901 2766 perfectiones
921 2692 1037 2762 mixtae,
1054 2692 1150 2754 sicuti
1164 2694 1246 2753 eiam

248 2776 471 2853 perfectiones
506 2771 671 2848 simplices
699 2768 741 2830 de
769 2772 839 2829 Deo
874 2773 991 2848 negari
1026 2787 1095 2833 non
1130 2776 1247 2852 possent

248 2856 330 2933 quin
350 2856 412 2932 ipsi
433 2853 595 2915 tribuatur
615 2851 724 2927 aliqua
745 2846 965 2927 imperiectio.

617 2980 835 3044 ARTICULUS
857 2982 893 3041 ll.

647 3120 694 3178 De
715 3132 781 3177 esse
803 3117 873 3176 Det.

286 3251 355 3313 339.
377 3252 425 3312 Ex
446 3248 563 3326 triplici
583 3247 636 3308 via
663 3263 730 3325 qua
756 3246 799 3307 ad
830 3246 944 3309 divinae
974 3249 1130 3311 Essentiae
1157 3252 1252 3329 cogni·

250 3330 372 3391 tionem
405 3327 562 3391 devenire
595 3343 783 3404 possumus,
807 3333 897 3404 patet
918 3344 980 3390 nos
1002 3329 1045 3390 de
1067 3331 1136 3391 Deo
1158 3332 1252 3392 verius

250 3406 360 3478 dicere
396 3409 476 3487 quid
510 3424 578 3469 non
613 3409 666 3479 sit,
691 3423 788 3484 quam
811 3406 891 3483 quid
912 3410 964 3468 sit.
987 3410 1110 3471 Tamen
1131 3426 1191 3472 nos
1210 3411 1253 3472 ali·

251 3489 339 3565 quid
354 3488 396 3548 de
419 3490 487 3548 Deo
510 3502 715 3564 cognoscere
733 3486 804 3565 jam
825 3488 931 3565 liquet
946 3504 988 3549 ex
1010 3486 1117 3551 dictis.
1139 3492 1184 3551 Ex
1205 3488 1252 3552 de-

251 3567 540 3628 monstrationibus
556 3581 638 3642 quas
654 3566 739 3626 circa
762 3568 973 3629 existentiam
992 3568 1253 3650 Deiperegtmus

252 3646 425 3722 speciatim
446 3646 557 3705 elucet
576 3646 683 3705 Deum
705 3660 779 3707 esse
801 3650 1101 3723 ensnecessortnm
1118 3652 1255 3727 imperti
