2642 4209
1127 2 1237 113 ῃ

237 282 295 345 196
538 297 718 342 ausviiuiuu
737 298 938 345 rniiosoriina

236 415 382 495 quadam
393 413 506 474 innata
525 411 685 489 cognosci
706 418 878 475 autumant
903 434 910 475 :
936 413 1027 493 quod
1045 414 1240 491 experientia

234 498 334 574 plane
348 496 547 564 reluctatur;
566 492 769 567 experientia
790 494 877 555 enim
904 501 1030 556 constat
1052 495 1156 566 ideas,
1180 514 1239 574 qua

236 575 389 637 dicuntur
403 576 526 634 innatae
542 571 595 649 (l),
613 573 742 633 nonnisi
758 582 831 650 post
854 575 966 651 plures
988 576 1067 636 alias
1093 577 1238 653 cognitio·

235 672 298 717 nes
311 656 345 715 in
359 655 503 715 humana
517 658 629 712 niente
644 654 778 712 versari.
807 655 877 714 Haec
901 656 1050 727 asserti0,
1077 656 1156 717 alias
1179 672 1241 734 gra·

235 736 328 808 tuita‚
355 738 531 795 evanescet
554 747 596 792 ex
622 730 773 794 dicendis
792 732 834 793 de
862 751 941 795 vera
962 738 1089 797 ratione
1116 752 1240 815 cognos-

237 814 465 877 cendiDeum.

276 896 308 956 3⁰
322 896 405 955 Sunt
420 894 519 953 etiam
533 892 591 969 qui
606 889 728 951 docent
741 893 803 952 Dei
818 894 1025 955 existentiam
1041 911 1116 955 esse
1135 898 1239 956 verita-

237 980 305 1037 tem
318 991 379 1051 per
391 990 427 1033 se
442 976 566 1041 notam,
585 987 624 1030 ac
638 977 815 1048 propterea
829 976 895 1033 sirie
904 990 1060 1049 processu
1075 977 1240 1036 discursive

236 1056 373 1116 anobis
393 1053 572 1131 cognitam.
604 1051 734 1124 Verum,
769 1055 807 1112 ut
829 1058 921 1113 recte
961 1053 1190 1116 animadvertit
1213 1057 1238 1117 S.

235 1134 388 1205 Thomas,
403 1132 553 1212 quadam
566 1131 687 1191 veritas
703 1135 813 1207 potest
829 1148 903 1194 esse
917 1138 995 1193 nota
1014 1150 1075 1209 per
1089 1150 1127 1195 se
1141 1137 1175 1196 in
1188 1136 1239 1197 hoc

236 1230 339 1274 sensu
359 1212 450 1291 quod
464 1214 506 1273 sit
525 1210 715 1271 immediate
746 1212 882 1273 evidens
904 1218 1078 1275 secundom
1106 1232 1150 1288 se,
1175 1216 1240 1275 licet

236 1295 346 1370 quood
371 1309 432 1367 iios¹
456 1308 523 1351 non
547 1294 588 1350 sit
615 1289 810 1352 immediate
838 1292 1123 1370 apprehensionis.

277 1375 348 1433 llaec
361 1372 565 1450 propositio:
589 1373 675 1430 Deus
689 1375 744 1443 est,
762 1375 812 1431 est
831 1377 909 1437 uota
932 1388 994 1449 per
1017 1390 1074 1445 se,
1089 1375 1239 1450 quatenus

236 1455 341 1514 solani
357 1452 571 1513 terminorum
589 1449 838 1527 intelligentiam
861 1453 1020 1530 inquirit:
1042 1452 1240 1530 predicatum

238 1535 328 1594 enim
341 1531 384 1593 ad
407 1533 585 1592 essentiam
599 1527 739 1607 subjecti
764 1532 924 1608 pertinet;
950 1532 1011 1593 sed
1028 1548 1089 1609 per
1102 1548 1140 1593 se
1163 1534 1240 1593 noth

236 1630 304 1674 non
318 1611 495 1672 innotescit
510 1608 674 1688 ejusmodi
688 1613 883 1687 propositio,
902 1612 1049 1689 quandiu
1063 1613 1240 1692 ignoramus

238 1692 319 1770 quid
344 1694 386 1752 sit
405 1693 509 1762 Deus;
531 1691 598 1750 hac
623 1690 711 1749 enim
736 1690 879 1768 cognitio
900 1692 1143 1769 prarequiritur
1164 1693 1240 1752 utin

236 1774 299 1833 hac
310 1773 532 1850 propositione
547 1771 760 1829 terminorum
770 1769 978 1832 identitatem
999 1771 1238 1848 deprehendere

236 1853 419 1913 valeamus.
438 1852 507 1910 llaec
524 1866 604 1927 ergo
619 1849 784 1911 sententia
810 1854 935 1927 patenti
956 1849 1090 1912 fulcitur
1110 1852 1237 1929 aequivo-

239 1931 368 1993 catione
395 1934 481 1990 inter
505 1930 696 2005 objectionem
725 1930 960 2006 propositionis
985 1932 1182 1993 evidentiam
1212 1937 1239 1993 et

240 2010 392 2089 ejusdem
408 2008 578 2070 evidentia
594 2009 890 2083 apprehensionem.

277 2093 309 2150 4¹
332 2091 482 2168 Denique
510 2094 587 2149 sunt
608 2088 779 2167 Theologi,
804 2091 860 2166 qui
884 2106 904 2150 a
930 2088 1018 2152 falsis
1043 2090 1238 2167 opinionibus

236 2172 410 2247 hucusque
433 2168 605 2230 recensitis
631 2167 838 2242 recedentes,
879 2169 1000 2231 docent
1031 2172 1238 2249 cognitionem

239 2250 424 2312 existentia
453 2247 513 2309 Dei
544 2247 685 2308 obtineri
708 2264 772 2323 per
802 2250 981 2324 simplicem
1008 2252 1239 2327 intelligentiam

239 2336 415 2409 quatenus,
430 2330 520 2390 nullo
538 2326 690 2398 docente,
708 2333 742 2388 et
756 2328 882 2406 absque
897 2329 1060 2391 laboriosa
1075 2332 1238 2408 inquisitio·

184 2430 187 2437 ·
237 2427 281 2473 ue
297 2428 334 2471 ac
349 2411 491 2485 formali
503 2408 667 2479 discursu,
688 2408 755 2468 liaeo
769 2412 889 2469 veritas
911 2412 1030 2487 cuique
1051 2411 1087 2471 in
1105 2417 1238 2471 mentem

237 2494 375 2552 veniret.
393 2491 462 2550 llaeo
477 2490 590 2565 itaque
605 2488 749 2565 cognitio
766 2486 931 2549 diceretur
944 2490 1054 2550 innata
1077 2499 1134 2551 aut
1159 2496 1238 2551 natu·

236 2573 349 2632 rallter
361 2570 477 2643 indita,
492 2574 549 2629 aut
564 2582 664 2645 quarn
677 2573 793 2628 natura
807 2569 878 2646 ipsa
895 2572 1054 2648 suggerit,
1072 2587 1140 2631 non
1155 2587 1238 2631 secus

237 2666 276 2711 ac
292 2653 396 2789 pilima
410 2650 570 2727 principia
584 2645 632 2725 (ll,
648 2647 732 2725 273),
749 2664 890 2725 quorum
901 2651 1044 2729 cognitio
1060 2650 1189 2727 propria
1198 2655 1239 2711 est

237 2733 314 2793 miei
330 2736 425 2791 ecies.

278 2812 349 2871 llaec
361 2807 526 2870 sententia
541 2806 634 2868 dictis
647 2807 780 2867 Patrum
794 2824 977 2871 consonare
986 2807 1128 2871 videtur.
1143 2810 1179 2871 V.
1192 2826 1236 2889 g:

269 2965 303 3027 (l)
319 2961 616 3026 Cartesiinipurtiuntur
628 2960 700 3010 ideas
712 2960 739 3009 iii
753 2964 877 3021 innatas,
893 2964 1055 3031 adventitias
1069 2967 1095 3012 et
1107 2963 1238 3025 factitias:
1280 2946 1281 3027 l

239 3027 263 3077 i·
277 3029 368 3076 lunata
380 3041 410 3075 ea
424 3030 462 3074 est
471 3040 530 3085 quae
543 3027 574 3073 ab
588 3024 596 3071 i
615 3039 643 3073 so
665 3028 770 3072 auctore
788 3029 888 3073 naturae
907 3026 980 3073 nobis
1001 3029 1042 3073 est
1064 3024 1196 3089 impressa;
1208 3030 1238 3073 est

237 3104 300 3153 ergo
312 3087 371 3137 idea
384 3093 483 3156 naturae
498 3040 617 3135 rationaii
631 3088 777 3156 concreata,
789 3101 819 3135 ac
833 3084 938 3150 proinde
947 3086 1083 3159 opponitur
1097 3086 1237 3157 adventitiae.
1279 3108 1280 3123 1

237 3151 263 3201 2·
278 3150 337 3201 Idea
351 3148 490 3199 adventitia
505 3156 543 3198 est
556 3166 586 3198 ea
599 3163 657 3211 quae
671 3164 695 3196 vi
708 3161 739 3195 ac
753 3148 872 3197 facultate
886 3163 989 3213 propria
1008 3148 1109 3198 cuditur
1127 3163 1132 3198 :
1148 3164 1173 3197 in
1188 3165 1238 3198 reia

237 3210 364 3263 sententia
382 3227 471 3260 omnes
489 3209 553 3259 ideae
571 3214 631 3258 sunt
648 3206 804 3270 adventitiae,
824 3214 853 3259 ut
870 3214 945 3259 antea
962 3208 1134 3275 probavimus.
1154 3210 1177 3259 3⁰
1190 3211 1238 3261 Idea

238 3275 336 3326 factitia
348 3279 388 3323 est
401 3290 431 3322 ea
444 3288 521 3345 quain
534 3287 605 3320 mens
617 3269 747 3341 componit
760 3287 791 3319 ex
814 3270 900 3321 multis
918 3271 1121 3337 praecedentibus
1138 3272 1238 3323 notioni·
1278 3308 1279 3315 .

238 3342 306 3389 bus:
323 3352 346 3384 v.
358 3350 383 3397 g.
394 3335 485 3384 mulier
493 3334 610 3382 desinens
623 3333 651 3381 in
663 3346 766 3402 piscem.
804 3392 808 3401 Ι
1278 3318 1279 3403 i

269 3400 338 3450 Dum
350 3400 396 3448 SS.
411 3398 503 3446 Patres
516 3396 645 3445 notionem
658 3396 705 3445 Dei
713 3394 869 3459 primitivam
876 3403 986 3446 maturae
997 3398 1108 3446 insitam
1116 3398 1237 3461 appellant,

238 3476 291 3511 non
303 3461 442 3521 loquuntur
456 3459 488 3503 de
506 3456 563 3505 idea
580 3456 663 3519 aliqua
684 3458 780 3516 innata,
800 3456 828 3505 in
847 3472 922 3505 sensu
940 3457 1155 3517 Cartesiauorum,
1168 3465 1193 3508 ut
1206 3476 1238 3509 vo-

238 3522 296 3571 lunt
317 3518 499 3585 Thomassiniis
508 3522 534 3565 et
544 3516 586 3566 alii
603 3533 609 3566 :
624 3522 756 3583 opponunt
764 3517 831 3566 enirn
840 3516 1012 3582 cognitionem
1022 3523 1088 3569 hanc
1102 3521 1237 3573 naturaliter
1277 3498 1278 3591 l

238 3582 350 3638 insitam,
364 3595 408 3628 seu
422 3579 522 3627 obviam
534 3585 560 3627 et
573 3584 661 3647 sponte
675 3595 701 3628 se
711 3578 877 3641 ingerentem,
889 3580 1022 3631 excultiori
1035 3581 1145 3632 notioni.

269 3645 371 3706 Quapro
388 3645 428 3708 tei·
450 3643 593 3706 systematis
613 3639 727 3689 idearum
743 3645 890 3691 innatorum
908 3642 1111 3705 fundamentum,
1135 3646 1197 3709 quod
1212 3662 1236 3695 ei

239 3704 288 3754 linc
301 3704 360 3753 idea
398 3716 421 3751 ei
434 3704 541 3757 eruitur,
569 3701 664 3751 nullam
675 3716 779 3765 prorsus
791 3701 938 3752 firmitatem
953 3704 1035 3754 habet.
