2642 4209
224 150 286 214 280
542 164 721 213 aaavlmruu
741 167 942 212 rumosormra

224 284 421 355 objectorum
434 282 654 338 materialium
669 289 704 337 tn
719 297 840 353 sensus,
857 296 926 337 nam
935 294 970 363 ¹1⁰
986 296 1095 363 sensus
1106 284 1152 337 est

223 354 351 411 facultas
400 368 435 408 er
467 368 499 408 se
517 352 699 421 indifferens,
720 357 751 408 2ο
769 352 800 408 id
823 354 974 409 renuntiat
996 365 1153 409 eonscien-

223 426 275 481 ua.
300 369 509 505 Corolssrgo
535 424 618 480 salsae
640 427 711 479 sunt
734 424 919 495 opinationes
941 423 1152 481 Matehranehii

223 494 447 552 011011011111.1
1186 496 1232 551 137

200 570 205 579 '
258 569 368 623 Transis
387 567 418 621 ΙΙ.
441 564 516 620 Haec
531 559 756 621 determinatio
775 566 813 622 ab
828 564 946 635 objecto
959 566 1153 637 proveniens

223 638 313 695 debet
335 637 533 693 intrinsecus
557 636 685 706 afficere
712 637 780 691 vim
799 638 973 707 sentiendi,
998 652 1055 695 seu
1078 652 1152 709 spe-

222 709 306 765 ciem
334 709 524 779 impressam
550 707 740 779 producere,
764 722 833 764 nam
856 722 940 764 secus
964 710 993 764 1ο
1016 709 1151 835 potentia

222 777 1152 921 illeiis{libitaslanslsislshibb0t⁰liliatas

222 925 267 978 est
281 920 431 977 sententia
445 919 553 975 scholae
567 921 694 977 scoticae.
1183 922 1228 978 138

257 994 368 1049 Tunsls
385 994 428 1048 ΠΙ.
450 990 579 1061 Species
593 991 749 1062 impressa
762 1006 829 1047 non
844 995 889 1047 est
903 992 1061 1064 objectum
1075 1006 1150 1047 sen-

219 1062 293 1124 ,sitis
312 1062 517 1135 capnitiom's,
538 1060 591 1117 sed
607 1063 738 1119 medium
757 1078 830 1133 quo.
852 1065 883 1120 1³
896 1064 974 1119 Pars
994 1084 1002 1119 :
1022 1064 1053 1119 Si
1072 1064 1150 1119 esset

221 1134 370 1205 objectum
393 1132 489 1205 qnod,
515 1136 543 1190 10
567 1147 626 1189 non
651 1137 843 1189 concurreret
857 1136 892 1191 ut
912 1135 1103 1207 principium,
1120 1136 1151 1189 2ο

220 1200 281 1261 non
299 1205 518 1285 perciperemus
536 1218 585 1259 res
604 1207 754 1287 externas.
772 1205 912 1274 2³‘Pars,
933 1207 978 1261 est
1001 1206 1151 1276 objectum

218 1272 1149 1475 {ltasrlhllsitlltshshhinlisisinlisis
1183 1418 1229 1474 a

297 1434 338 1473 on
354 1434 380 1473 0.

254 1434 342 1545 uzon
376 1506 383 1543 :
412 1488 576 1559 Objectnm
591 1476 677 1560 qnod
701 1488 829 1543 sensitis
852 1489 1048 1561 coercitionis
1071 1491 1149 1543 sunt

219 1560 387 1633 qualitates
400 1559 577 1630 sensibiles,
593 1575 662 1630 quae
675 1560 813 1630 speciem
828 1560 1017 1632 impressam
1029 1558 1148 1632 produ·

219 1634 309 1689 cunt.
333 1632 443 1687 Sensus
466 1630 555 1696 enim,
580 1632 632 1701 qui
650 1631 819 1701 percipiunt
840 1632 956 1702 ohJecta
978 1632 1081 1704 realia,
1096 1646 1149 1687 ne·

218 1703 333 1774 queunt
346 1702 491 1772 adipeam
504 1702 724 1772 percipiendam
739 1712 771 1757 se
785 1703 930 1759 attollere.
1181 1705 1227 1760 llo

252 1775 363 1830 Tussis
375 1776 421 1829 lV.
436 1772 567 1843 Species
578 1788 724 1843 expressa
738 1788 805 1829 non
820 1775 1037 1845 recipitursed
1049 1774 1146 1844 effor-

218 1846 336 1910 matur,
359 1858 430 1899 nam
452 1846 581 1899 sensatio
605 1846 649 1899 est
677 1848 760 1900 actus
787 1844 886 1901 vitalis
913 1850 942 1902 et
969 1846 1144 1903 immanens.

252 1914 359 1972 Schol.
375 1917 386 1970 1
400 1917 469 1970 Haec
483 1916 597 1985 species
610 1919 656 1970 est
670 1915 733 1985 ipse
747 1918 831 1971 actus
845 1917 1002 1973 sentiendi.
1180 1919 1226 1973 lto

251 1985 359 2043 Schot.
373 1987 405 2039 ll.
422 1986 556 2041 Sensatio
570 1989 616 2042 est
629 1985 799 2041 immediata
810 2001 969 2058 corporum
981 1987 1144 2059 perceptio.

218 2054 324 2115 Gorot:
346 2056 535 2112 sensationes
557 2057 588 2112 in
619 2058 749 2127 propriis
773 2058 915 2115 sensoriis
935 2058 1142 2132 perficiuntur.
1179 2060 1223 2116 tlt

313 2192 332 2254 ς
346 2189 389 2244 ΙΙΙ.
404 2191 445 2243 De
458 2190 713 2260 phantasmatibus
727 2192 946 2261 imaginationis
960 2196 991 2249 et
1005 2194 1138 2250 somniis.

250 2320 272 2375 l.
292 2317 390 2375 Facta
408 2335 477 2391 quae
498 2324 647 2378 naturam
659 2322 894 2395 phantasmatis
913 2330 942 2382 et
955 2328 1078 2383 somnii
1089 2344 1145 2399 pa·

214 2390 380 2458 tesacinnt
392 2394 491 2447 sunt:
513 2396 542 2449 1ο
555 2395 834 2465 temperamentum,
851 2398 1000 2471 valetudo,
1017 2401 1074 2455 etc.
1091 2414 1143 2456 seu

215 2460 372 2532 dispositio
391 2464 535 2535 corporis,
555 2469 739 2521 momentum
759 2468 847 2539 hahet
865 2470 896 2523 in
909 2468 1142 2539 phanstasmaii-

215 2531 288 2602 hus3
303 2536 335 2587 2⁰
350 2534 447 2589 status
462 2535 552 2590 animi
566 2537 656 2593 etiam
671 2537 849 2595 determinat
864 2539 983 2596 diversa
1004 2543 1143 2611 phantas-

214 2604 369 2729 mgtgmnia
383 2689 467 2730 suam
481 2675 626 2745 originem
641 2680 764 2735 trahunt
778 2680 841 2736 sive
857 2696 874 2737 a
888 2694 1012 2753 corpore
1026 2685 1090 2741 sive
1104 2685 1140 2743 ah
1175 2616 1221 2672 142

215 2744 324 2801 animo.
344 2747 672 2833 ¹somnamhulismusu:
703 2752 741 2833 1⁰,
759 2753 956 2849 somnambuli
982 2755 1141 2827 aliquando

214 2818 567 2958 larissiensis
580 2822 1046 2969 litihnlhihshhlli
1064 2842 1141 2956 si·
1175 2902 1220 2958 0

248 2958 280 3011 ll.
295 2956 467 3014 Factorum
483 2961 661 3030 explicatio.
680 2966 710 3019 10
725 2964 760 3019 ad
779 2965 1015 3035 phantasmatum
1035 2983 1141 3039 repro-

213 3025 383 3084 ductionem
395 3030 590 3099 probabiliter
603 3035 767 3161 reffiuiritur
781 3039 879 3093 motus
893 3038 977 3094 fluidi
991 3042 1095 3095 hervei
1109 3042 1140 3097 in

213 3098 335 3154 cerebro
354 3100 510 3157 inchoatus
531 3122 538 3157 :
558 3104 626 3159 inde
666 3107 800 3177 ispositio
818 3110 931 3165 cerebri
944 3104 986 3165 'et
1003 3114 1140 3182 corporis

212 3163 323 3239 aliquid
337 3170 462 3227 confert.
478 3176 509 3227 2⁰
522 3174 653 3231 Diversae
668 3178 837 3234 affectiones
856 3184 980 3251 possunt
999 3181 1140 3255 dispone·

211 3252 246 3294 re
259 3239 296 3294 ad
309 3241 380 3297 talia
393 3241 609 3312 phantasmata.
625 3249 735 3303 Verum
750 3249 828 3305 sacta
845 3253 962 3309 insueta
980 3252 1139 3325 aliquando

211 3313 564 3383 suntpreeternaturalia.
1171 3329 1218 3384 113
