2642 4209
241 222 302 284 128
547 243 723 288 nnnvrnnrun
745 241 946 288 rnirosorana

240 353 307 415 del.
330 354 457 416 Etenim
478 355 532 416 illa
554 357 702 432 potentia
723 360 773 418 est
793 356 955 419 libertatis
977 356 1161 436 subjectum
1186 378 1236 424 cn·

234 435 290 512 jus
313 439 364 494 est
384 451 484 514 agere
506 438 559 497 vel
579 453 646 500 non
663 452 775 516 agere,
807 437 966 514 prosequi
987 439 1151 516 objectum
1170 458 1238 519 pro·

233 515 383 594 positum
402 515 457 576 vel
470 514 550 576 illud
571 533 639 577 non
654 517 822 595 prosequi.
845 519 941 595 Atqui
963 517 998 578 id
1019 520 1180 595 proprium
1194 529 1240 585 est

237 593 424 667 voluntatis,
446 600 484 656 ut
511 598 711 660 conscientia
740 601 889 659 testatur.
919 599 1004 676 Ergo
1031 599 1175 660 voluntas
1195 610 1240 665 esl

239 675 387 750 patentia
408 689 484 754 quae
507 675 623 737 dicitur
642 677 758 739 libera.

489 797 531 854 De
545 802 634 854 variis
650 802 788 855 libertatis
806 800 1003 856 divisionibus,

214 977 217 984 ,
276 915 348 977 210.
371 950 410 960 -
436 915 582 978 Libertas
611 934 672 995 pro
704 918 836 998 objecto
867 918 990 979 habere
1018 923 1130 996 potest
1156 925 1238 982 actus

239 997 385 1057 internos
418 996 609 1070 voluntatis
640 998 693 1058 vel
717 1002 811 1060 actus
842 1003 998 1059 externos
1032 1016 1052 1058 a
1081 999 1238 1062 voluntate

238 1077 417 1152 imperatos
441 1095 447 1134 :
470 1092 500 1137 v.
524 1092 557 1154 g.
580 1079 676 1138 actus
690 1077 935 1151 deambulandi,
958 1077 1106 1157 legendi.
1129 1083 1189 1140 etc.
1209 1081 1239 1142 ln

238 1156 342 1232 primo
367 1172 445 1218 casu
471 1155 589 1218 dicitur
612 1158 712 1217 etiam
732 1157 868 1218 libertas
890 1159 1024 1219 arbitrii
1043 1162 1100 1218 aut
1120 1159 1237 1232 indiffe-

237 1237 359 1309 rentiae,
383 1239 435 1298 cui
450 1238 628 1312 opponitur
646 1238 821 1297 intrinseca
836 1238 1059 1300 determinatio
1075 1239 1121 1299 ad
1133 1254 1234 1298 anan.

237 1315 446 1389 insecundo,
463 1316 598 1376 libertas
619 1317 817 1377 executionis
831 1316 1026 1392 appellatur,
1045 1321 1097 1378 cui
1113 1320 1238 1394 opponi·

236 1401 288 1456 tur
310 1398 431 1456 coactio
452 1411 514 1456 seu
538 1397 585 1455 ais
607 1397 807 1457 entrinsecns
825 1395 921 1456 illata
945 1401 1058 1458 contra
1080 1395 1241 1460 catenatis

235 1475 487 1537 inclinationem.
511 1477 587 1536 Haec
610 1476 746 1538 libertas
768 1491 787 1536 a
809 1477 992 1550 coactione,
1015 1474 1150 1554 quando
1174 1494 1237 1538 con-

236 1555 398 1616 sideratur
431 1555 465 1615 in
496 1555 611 1616 ordine
643 1555 766 1630 sociali,
804 1555 968 1616 subdividi
1003 1557 1089 1624 solet
1122 1557 1238 1618 ratione

235 1635 359 1713 objecti
378 1633 422 1695 ad
444 1634 534 1712 quod
555 1636 701 1712 respicit,
722 1635 756 1697 in
777 1634 963 1697 libertatem
977 1636 1118 1709 civitem,
1137 1636 1237 1712 politi·

237 1730 310 1775 carn
324 1719 352 1774 et
372 1715 572 1790 relipiosarn.
1290 1780 1291 1783 Ἴ

278 1794 421 1855 Libertas
453 1795 584 1867 arbitrii,
618 1810 694 1871 quae
723 1796 824 1855 eliam
850 1795 1036 1871 appellatur
1066 1794 1199 1858 libertas
1225 1812 1241 1856 a
1290 1812 1291 1871 l

236 1874 445 1946 necessitate,
469 1888 611 1944 necnon,
635 1892 696 1951 per
723 1873 962 1950 oppositionem
992 1873 1035 1935 ad
1062 1875 1240 1936 libertatem
1290 1884 1291 1929 l

236 1955 365 2015 civilem
393 1959 425 2013 et
459 1955 636 2030 politicam,
670 1955 806 2015 nomine
827 1953 986 2016 libertatis
1016 1954 1241 2032 pspcbalapice
1290 1966 1292 2027 i

235 2038 378 2101 notatur,
396 2038 445 2094 est
459 2035 593 2095 libertas
608 2035 740 2111 proprie
762 2033 860 2107 dicta,
877 2049 953 2112 quae
968 2033 1011 2095 ad
1024 2035 1180 2097 meritum
1198 2034 1242 2096 vel
1290 2034 1292 2065 ¹

239 2113 437 2175 demeritum
456 2116 644 2192 requiritur.

275 2194 419 2255 Libertas
440 2194 512 2253 haec
534 2199 598 2255 slat
622 2195 657 2254 in
689 2194 866 2254 intrinseca
894 2196 1058 2270 potestate
1091 2191 1240 2272 eligendi.
1289 2208 1290 2243 1

235 2273 332 2336 Porro
363 2274 481 2335 electio
510 2271 582 2334 fieri
606 2277 718 2350 potest
741 2274 769 2332 1ο
791 2272 963 2334 interduo
987 2273 1241 2346 contradictoria,
1289 2258 1290 2341 i

237 2359 407 2432 quaesunt
428 2369 528 2432 agere
545 2359 577 2415 et
597 2368 794 2431 nonagere,
817 2356 849 2415 2⁰
872 2357 959 2414 inter
987 2351 1052 2414 duo
1078 2352 1241 2422 contraria,
1289 2356 1290 2429 ζ

235 2439 271 2495 ut
296 2450 407 2495 amare
437 2432 614 2504 elabisse,
636 2434 668 2494 3⁰
697 2434 786 2493 inter
813 2431 953 2508 diversa,
979 2450 1010 2493 v.
1034 2447 1069 2510 g.
1092 2434 1241 2505 scribere,
1289 2464 1291 2523 Ι

236 2513 362 2592 legere,
386 2513 564 2588 ambulare,
598 2515 662 2572 etc.
688 2513 767 2573 Hinc
783 2513 902 2590 triplex
922 2527 1030 2591 genus
1050 2513 1210 2574 libertatis
1228 2526 1243 2571 a

235 2593 435 2656 necessitate
451 2593 663 2671 distinguitur
685 2611 693 2652 ε
716 2591 857 2668 primum
879 2592 997 2654 dicitur
1016 2593 1153 2654 libertas
1177 2606 1241 2652 con·
1288 2640 1289 2645 ,

236 2673 447 2744 tradictionis‚
471 2689 532 2734 seu
547 2670 658 2750 quoad
681 2674 887 2746 exercitium;
911 2671 1097 2733 secundum
1116 2673 1243 2734 libertas
1288 2668 1289 2757 l

237 2754 486 2826 contrarietatis,
511 2752 655 2828 denique
680 2752 812 2813 tertium
835 2752 969 2812 libertas
981 2753 1233 2827 specificationis.
1288 2766 1289 2775 ¹

237 2831 426 2893 Secundum
442 2837 475 2893 et
498 2833 628 2892 tertium
649 2848 758 2912 genus
778 2833 960 2910 respiciunt
980 2833 1121 2908 speciem
1141 2835 1241 2902 actus,

238 2918 271 2974 et
283 2912 359 2974 ideo
375 2911 509 2974 libertas
522 2915 703 2975 universim
718 2911 867 2973 distribui
883 2915 982 2973 etiam
996 2912 1082 2973 solet
1100 2911 1137 2972 in
1153 2911 1242 2973 liber·
1288 2912 1290 2981 i

238 2997 339 3055 tatem
362 2994 468 3069 quoad
489 2995 693 3067 caercitiarn,
718 2996 752 3053 et
771 2994 806 3054 in
826 2993 1012 3054 libertatem
1043 2990 1156 3069 quoad
1183 3007 1242 3067 spc-

238 3075 320 3134 cient
334 3077 424 3134 actus
437 3088 498 3134 seu
513 3075 623 3149 quoad
634 3072 911 3148 specificationent.

276 3152 422 3214 Libertas
436 3168 455 3212 a
476 3153 676 3214 necessitate
692 3150 810 3212 dicitur
824 3153 923 3213 etiam
936 3151 1158 3225 indifferentia
1172 3147 1242 3210 acti·

236 3249 287 3293 oa.
311 3231 534 3294 indifferentia
561 3234 661 3304 enim,
696 3247 738 3292 ex
766 3233 840 3308 ipsa
865 3232 898 3294 vi
925 3231 1078 3304 nominis,
1111 3235 1164 3291 est
1184 3241 1242 3307 qua
1287 3278 1288 3313 ,

237 3325 341 3372 unuin
355 3311 493 3389 perinde
514 3330 551 3376 se
572 3312 673 3373 habet
686 3310 729 3372 ad
742 3312 849 3388 plura,
866 3310 1034 3373 etidcirco
1051 3310 1240 3372 determina·
1287 3324 1289 3373 l

239 3393 318 3452 lioni
348 3392 392 3453 ad
418 3409 523 3452 unum
554 3391 742 3469 opponitur.
773 3391 1030 3470 Alsubjectum
1058 3391 1242 3452 indifferens
1287 3390 1289 3439 i

40 3471 125 3536 dri
241 3487 313 3532 esse
336 3475 447 3548 potest
469 3471 512 3530 ad
527 3470 621 3545 plura
641 3469 845 3546 recipienda;
869 3489 900 3533 v.
923 3486 956 3549 g.
982 3486 1057 3530 cera
1072 3471 1114 3532 ad
1133 3480 1240 3530 omnes
1286 3473 1287 3517 l

229 3549 373 3627 figuras,
393 3550 448 3609 vel
467 3549 606 3623 perinde
627 3565 664 3610 se
684 3550 808 3611 habere
823 3548 866 3610 ad
889 3551 1001 3626 plures
1020 3549 1159 3612 effectus
1177 3563 1242 3626 pro·

70 3643 138 3676 ¹
242 3629 425 3692 ducendos.
468 3628 505 3687 ln
537 3627 636 3704 priori
663 3629 856 3707 acceptione
883 3629 1107 3692 indifferentia
1134 3629 1244 3690 dicitur
