2642 4209
236 193 297 254 230
535 212 715 257 ennvnmou
729 208 934 277 ‚neruosorrna

520 366 567 417 IV.
584 366 623 416 De
635 364 760 415 divisione
774 346 964 417 attributorum.

272 482 342 543 374.
365 514 404 524 -
425 481 535 542 Hicin
556 480 747 561 indaganda
762 482 884 559 ,aptiori
903 484 1079 559 partitione
1108 480 1248 542 attribu·
1297 518 1298 579 ι

233 564 341 622 torum
371 577 438 623 non
469 562 712 627 incumbemus.
745 570 847 639 quum
879 562 1023 641 theologi
1050 562 1114 623 hac
1143 562 1180 621 in
1210 576 1246 621 re
1297 592 1298 637 ι

231 640 328 704 valde
352 639 544 703 dissideant.
568 642 775 719 Quapropter
795 642 1041 719 principaliores
1061 641 1247 703 ‘divisiones

232 722 508 793 enumerabimus
542 720 584 783 de
606 720 799 783 earumdem
821 722 936 801 majori
951 722 1013 801 {vel
1036 723 1156 784 minori
1176 720 1246 782 ido·

233 802 359 863 neitate
374 816 443 861 non
460 799 661 879 judicantes,
915 820 918 828 ·

242 888 244 890 ’
273 884 303 942 1⁰
322 881 383 941 Alii
413 881 567 943 attributa
593 880 830 957 dispertiuntur
852 882 885 942 in
911 880 1115 956 affirmativa
1135 886 1170 941 et
1190 896 1245 940 ne·

232 964 355 1038 patina,
387 965 485 1037 prout
515 960 704 1041 obtinentur
738 976 799 1037 per
829 961 916 1021 viam
945 959 1180 1032 affirmationis
1213 964 1247 1019 et

231 1040 380 1101 terminis
400 1038 637 1101 affirmantibus
653 1039 695 1102 de
718 1041 787 1102 Deo
809 1040 1037 1115 predicantur,
1060 1056 1091 1101 v.
1107 1058 1155 1119 g.,
1171 1054 1242 1099 om·

231 1119 422 1197 nipotentia,
446 1120 690 1193 omniscientia;
713 1120 766 1181 vel
796 1136 856 1197 per
878 1120 1015 1181 modurn
1044 1119 1243 1197 negationis,

231 1202 265 1259 et
286 1199 433 1259 terminis
453 1201 614 1279 negativis
636 1202 858 1274 enuntiantur,
882 1218 911 1262 v.
932 1215 979 1278 g.‚
1002 1198 1157 1271 infinitus,
1181 1196 1244 1256 im-

231 1293 381 1340 mensus.
767 1316 769 1325 ι

270 1353 315 1419 20'
333 1358 392 1418 Alii
426 1357 627 1437 distinguunt
660 1360 747 1419 inter
777 1359 931 1419 attributa
963 1356 1155 1433 quiescentia
1184 1372 1245 1419 seu

230 1438 454 1509 tremutantia,
478 1442 512 1498 et
532 1440 700 1513 operation
721 1454 782 1499 seu
802 1440 1014 1510 trameantim
1046 1440 1143 1512 prout
1172 1437 1243 1497 nul-

230 1516 297 1578 lam
317 1518 483 1577 actionem
504 1518 566 1579 sibi
599 1518 779 1594 implicant,
810 1533 841 1579 v.
875 1517 1156 1597 g.‚·simplicitas
1180 1517 1240 1576 im·
1300 1528 1301 1561 1

230 1597 442 1668 mutabilitas,
465 1599 517 1657 vel
551 1598 715 1659 actionem
747 1600 935 1675 important,
962 1614 994 1658 v.
1017 1612 1065 1675 g„
1088 1598 1242 1674 omnipo·

230 1679 343 1747 tentia,
367 1676 605 1740 omniscientia.

270 1758 302 1818 3ο
322 1756 385 1817 Alii
405 1758 558 1818 attributa
573 1756 759 1833 partiuntur
778 1756 812 1816 in
833 1755 1117 1817 communicabilem
1139 1758 1174 1814 et
1192 1756 1240 1814 in·

229 1837 526 1908 communicabilia,
550 1844 647 1912 prout
670 1836 898 1909 comentibus
919 1833 1016 1895 finitis
1038 1834 1146 1910 aliquo
1168 1850 1240 1893 mo·

229 1912 272 1975 do
296 1916 528 1977 communicari
549 1920 696 1992 possunt,
718 1915 771 1975 vel
791 1931 858 1975 non
879 1918 1029 1993 possunt.
1046 1915 1167 1974 Verum
1183 1912 1241 1973 ad-

227 1994 410 2055 notandum
445 2002 497 2056 est
526 1996 636 2055 omnia
667 1994 821 2056 attributa
855 2010 929 2055 esse
962 1992 1243 2055 communicabilia

225 2074 280 2136 vel
306 2072 627 2137 incommunicabilia
659 2080 769 2135 :sunt
798 2072 1084 2135 communicabilia
1106 2072 1240 2151 quando

227 2153 449 2232 praescindunt
471 2155 511 2215 ab
533 2153 657 2215 infinita
688 2152 921 2231 perfectione:
949 2156 1027 2213 sunt
1057 2153 1239 2215 incommu-

226 2233 382 2294 nicabilia
402 2234 430 2295 si
452 2240 610 2312 tanquam
635 2234 786 2296 absoluta
807 2239 907 2312 atque
928 2232 1052 2294 infinita
1087 2232 1239 2295 conside·
1302 2224 1303 2253 ¹

231 2316 355 2373 rantur.

267 2394 300 2451 4ο
319 2393 381 2455 Alii
402 2394 558 2454 attributa
580 2391 773 2453 discernunt
793 2392 826 2451 in
844 2392 989 2468 physica·
1003 2394 1037 2451 et
1063 2393 1209 2453 moralia
1230 2411 1238 2451 :

226 2472 364 2553 physica
384 2471 427 2533 ad
447 2472 606 2534 infinitam
621 2473 681 2534 Dei
702 2472 920 2533 substantiam
940 2474 1104 2551 spectant,
1130 2488 1236 2534 mora·

225 2553 271 2613 lia
293 2551 336 2613 ad
356 2553 559 2614 voluntatem
579 2550 776 2613 referuntur.

235 2630 238 2637 '
267 2633 300 2692 5⁰
313 2631 374 2694 Alii
389 2633 595 2711 distinguunt
609 2632 764 2692 attributa
779 2646 796 2689 a
811 2628 1067 2707 proprietatibus
1085 2629 1239 2690 :attribu-

227 2714 261 2773 ta
275 2717 353 2772 sunt
367 2710 585 2788 perfectiones
599 2727 682 2788 quae,
700 2724 768 2787 prae
784 2712 895 2770 nostro
907 2707 1114 2785 concipiendi
1128 2708 1237 2777 modo,

226 2790 458 2870 intelliguntur
480 2796 518 2852 ut
540 2790 664 2869 aliquid
689 2787 853 2850 accedens
875 2792 909 2851 et
929 2787 1179 2873 superadditum
1196 2786 1239 2848 ad

226 2886 293 2931 esse
319 2872 534 2933 substantiale
559 2891 567 2932 :
597 2870 816 2948 proprietates
843 2884 920 2929 vero
945 2868 1111 2929 habentur
1132 2872 1168 2929 ut
1193 2867 1238 2931 di·

224 2965 328 3011 versa
342 2953 486 3013 rationes
502 2956 536 3012 et
550 2950 783 3027 expressiones
796 2950 899 3023 ipsius
914 2965 989 3009 esse.
1012 2948 1047 3009 ld
1067 2946 1237 3010 manifeste

224 3028 414 3109 intelligunt
428 3030 470 3091 de
485 3031 658 3101 attributis,
680 3029 836 3105 spectatis
855 3044 922 3090 non
941 3027 1124 3089 secundum
1145 3044 1181 3087 se
1205 3032 1237 3088 et

225 3110 401 3248 {abjectiva
424 3110 485 3173 sed
506 3126 611 3191 penes
636 3114 787 3171 nostrum
813 3107 949 3169 modum
976 3106 1180 3184 concipiendi
1206 3112 1237 3169 et

240 3191 417 3251 ormaliter.

263 3268 393 3331 Deinde
407 3270 562 3331 attributa
576 3270 643 3331 haec
659 3266 857 3329 distribuunt
869 3266 903 3327 in
917 3266 1064 3327 absolata
1075 3270 1236 3341 etrespec·

224 3350 302 3422 tina,
328 3354 427 3426 prout
451 3348 699 3411 considerantur
720 3348 754 3408 in
786 3348 916 3421 seipsis
945 3346 999 3407 vel
1016 3350 1052 3405 ut
1071 3342 1234 3423 adsignifi-

226 3430 344 3490 cantia
360 3430 535 3490 terminum
561 3446 580 3490 a
610 3430 679 3489 Deo
707 3426 895 3489 distinctum
924 3444 931 3485 :
963 3426 1073 3501 itaque
1105 3426 1235 3486 relativa

224 3506 403 3583 important
422 3507 612 3568 relationem
645 3508 781 3569 rationis
814 3504 857 3566 ad
886 3511 993 3576 entra,
1023 3520 1084 3565 seu
1113 3505 1154 3566 ad
1183 3520 1235 3565 res

227 3593 364 3647 creatas.
827 3628 831 3633 -
