2642 4209
147 314 159 336 .
272 284 827 331 00000101010000000-00001,
850 286 916 329 unu
1039 264 1098 325 213

65 400 237 473 cipetum,
262 417 397 461 causam
420 402 568 477 primam
586 418 625 461 ac
634 401 839 477 principiam
853 398 979 459 ordinis
992 398 1051 471 qui
1063 396 1098 456 in

65 482 199 541 mundo
209 482 379 555 spectabili
390 482 505 555 fuipet.
530 480 732 557 impossibile
755 482 841 541 enim
864 484 914 540 est
933 478 1099 539 utDeum

68 559 274 621 existentem
287 576 541 639 cognoscamus,
553 564 633 637 quin
654 562 752 622 etiam
776 559 817 621 de
841 576 892 633 eo,
911 559 1098 635 cognitione

70 640 202 700 saltem
223 638 372 712 confusa,
394 642 537 702 sciamus
559 639 638 717 quid
659 640 702 701 sit
722 638 733 718 (
755 637 777 714 1.

114 720 215 812 Nunc
248 737 326 781 vero
350 719 393 781 ad
413 722 520 797 ipsam
553 725 704 781 naturam
740 718 800 780 Dei
833 714 1100 795 investigandam

69 814 244 861 venimus.

72 907 152 969 340.
175 941 215 951 —
236 908 344 967 Teasrs
359 908 383 967 Ι.
399 909 484 967 Deris
503 923 567 967 aon
581 908 670 968 estio
692 906 803 981 atiquo
819 920 945 981 periere,
971 905 1028 964 sed
1054 905 1100 963 est

117 1003 226 1063 supra
246 1003 340 1047 omae
363 1003 471 1061 penus.

117 1094 219 1153 Prob.
244 1094 266 1152 l.
302 1093 395 1153 Notio
432 1094 590 1171 generice
620 1095 783 1171 petitura
805 1092 953 1153 realitate
990 1088 1100 1165 aliqua

76 1171 324 1234 determinabili
346 1178 380 1233 et
401 1174 604 1234 contrahibili
627 1192 634 1233 :
658 1188 766 1253 genus
788 1172 876 1233 enim
898 1174 949 1232 est
964 1168 997 1229 id
1009 1166 1100 1246 quod

76 1268 260 1313 commune
295 1253 426 1314 videtur
458 1254 608 1331 pluribus
642 1253 819 1331 speciebus
845 1249 919 1331 (49),
942 1248 986 1311 ad
1017 1264 1101 1326 quas

76 1333 322 1394 determinatur
343 1338 376 1393 et
398 1334 599 1395 contrahitur
619 1349 681 1410 per
701 1332 824 1413 gradus
835 1331 914 1408 ipsis
935 1329 1098 1427 proprios,

75 1414 181 1491 Atqui
201 1414 301 1486 Deus,
327 1410 383 1491 qui
404 1418 455 1473 est
475 1414 578 1490 prima
601 1430 698 1475 causa
720 1416 754 1474 et
776 1428 835 1473 ens
857 1429 876 1472 a
898 1427 946 1484 se,
964 1422 1101 1471 senens

74 1493 320 1564 necessarium,
344 1494 461 1570 nequit
481 1494 547 1554 ullo
570 1492 670 1555 modo
694 1494 820 1570 concipi
841 1496 879 1551 ut
901 1490 1100 1552 determina-

76 1572 158 1634 bilis
174 1580 207 1635 et
218 1573 438 1634 contrabibilis
450 1576 529 1650 quin
552 1575 646 1635 etiam
670 1574 875 1651 concipiatur
887 1578 924 1633 ut
937 1572 970 1631 in
985 1572 1105 1646 potem·

79 1654 127 1713 tia
148 1658 305 1730 respectu
326 1653 450 1731 objecti
469 1671 488 1714 a
511 1670 575 1730 quo
613 1654 793 1714 desumitur
828 1650 1012 1714 differentia
1043 1644 1099 1725 11),

79 1750 121 1795 ac
145 1734 285 1810 proinde
309 1733 437 1795 desinat
460 1750 534 1794 esse
552 1734 666 1809 primo
702 1750 814 1806 00000,
843 1750 897 1793 000
921 1749 942 1791 0
965 1747 1009 1801 00,
1039 1743 1102 1789 seu

76 1814 118 1873 id
132 1814 221 1888 quod
243 1818 299 1874 esi.
321 1814 406 1893 Ergo
429 1815 519 1875 Deus
541 1829 615 1873 esse
636 1812 754 1889 nequit
773 1815 807 1873 in
828 1813 937 1890 aliquo
960 1822 1097 1887 genere.

125 1894 162 1954 ll.
186 1893 218 1953 Si
240 1894 329 1953 Deus
351 1898 440 1955 esset
460 1894 495 1954 in
515 1895 624 1971 aliquo
646 1909 784 1971 genere,
807 1891 888 1953 illud
901 1906 1010 1971 genus
1026 1904 1101 1951 esse

78 1988 151 2032 non
173 1978 287 2049 posset
307 1974 369 2035 nisi
391 1991 446 2034 ens
459 1974 512 2034 vel
532 1973 723 2045 substantia,
747 1972 912 2051 siquidem
932 1972 1023 2031 Deus
1051 1970 1102 2029 cst

81 2069 145 2113 ens
169 2069 188 2113 a
209 2069 257 2123 se,
281 2059 314 2113 01
333 2052 529 2130 principium
551 2052 648 2113 totius
671 2068 755 2115 esse.
779 2055 877 2131 Atqui
901 2056 930 2114 1ο
952 2066 1012 2111 000
1033 2062 1103 2109 000

81 2139 134 2193 001
156 2148 264 2211 genus
286 2131 328 2211 (3)
349 2131 448 2213 (abab
464 2136 497 2194 2⁰
518 2133 702 2193 substantia
724 2131 1017 2209 praedicamentalis
1038 2125 1102 2205 (46)

81 2214 270 2288 concipitur
289 2219 326 2273 ut
345 2213 436 2275 varie
459 2212 730 2283 determinabilis,
753 2229 790 2273 ac
813 2210 952 2289 proinde
974 2214 1011 2270 ut
1041 2210 1100 2269 im·

83 2293 248 2369 completa
270 2298 304 2354 et
321 2291 527 2371 imperfecta.
544 2293 703 2353 Preterea
719 2298 899 2370 conceptus
913 2288 1103 2351 substantia

80 2374 183 2433 unice
217 2372 370 2449 importat
405 2374 495 2452 quod
527 2370 651 2450 aliquid
685 2387 752 2432 non
773 2374 814 2432 sit
835 2371 1024 2432 attributum
1046 2364 1102 2427 ali-

81 2451 183 2529 cujus
204 2452 355 2531 subjecti,
379 2453 440 2515 sed
460 2453 495 2516 id
517 2451 613 2530 cujus
634 2456 745 2512 caetera
766 2456 844 2512 sunt
864 2450 1019 2512 attributa
1046 2444 1101 2523 (l),

80 2532 163 2593 inde
185 2546 253 2592 non
275 2534 419 2594 excludit
441 2549 571 2594 omnem
592 2529 877 2608 imperfectionem
900 2534 933 2591 01
952 2527 1103 2598 limitem,

84 2615 118 2672 01
138 2612 217 2673 ideo
238 2628 305 2673 non
326 2612 464 2675 includit
485 2630 545 2675 ens
568 2629 587 2673 a
607 2628 654 2673 se.
678 2612 772 2690 Ergo.

83 2705 156 2766 341.
180 2739 219 2747 -
239 2707 507 2768 Timalinum
523 2707 603 2767 entis
612 2706 840 2781 propriissime
853 2706 919 2763 Deo
943 2704 1102 2777 competit.

125 2803 222 2863 Proh.
248 2802 331 2863 lllud
351 2806 577 2881 propriissime
598 2804 668 2863 Deo
681 2802 849 2879 competit,
863 2798 952 2878 quod
962 2798 1107 2861 maxime

83 2883 192 2942 Deum
215 2886 366 2960 exprimit
388 2889 420 2945 et
443 2884 664 2954 demonstrat;
687 2898 741 2943 res
764 2882 853 2956 enim
875 2880 1104 2957 0001100100-

84 2960 228 3022 tificatur
247 2979 309 3039 per
329 2963 363 3025 id
384 2963 475 3043 quod
496 2963 597 3024 habet
611 2963 794 3040 proprium.
811 2963 911 3038 Atqul
924 2960 1006 3021 ratio
1021 2960 1106 3019 00110

83 3042 230 3102 maxime
267 3046 370 3104 Deum
408 3043 559 3122 exprimit
581 3048 613 3103 01
634 3042 839 3102 demonstrat
863 3060 869 3100 :
892 3041 982 3101 Deus
1018 3041 1106 3099 enim

86 3128 138 3182 est
160 3138 221 3182 ens
242 3122 479 3194 necessarium,
502 3138 563 3183 seu
586 3138 645 3183 ens
667 3138 684 3181 a
706 3137 757 3191 se;
781 3136 880 3197 porro
901 3120 973 3197 ipsa
995 3134 1107 3203 essen

86 3200 130 3261 tia
155 3203 240 3262 entis
261 3220 279 3263 a
300 3220 337 3264 se
360 3209 411 3266 est
433 3209 508 3265 0010
530 3220 606 3263 0000.
629 3203 715 3279 Ergo
737 3202 819 3261 ratio
843 3202 927 3261 entis
948 3198 1107 3277 propriis-

84 3281 168 3341 sime
203 3283 273 3344 Deo
310 3285 480 3361 competit,
517 3282 575 3359 qui
611 3285 857 3358 consequenter
902 3279 966 3342 dici
996 3281 1110 3357 potest

84 3362 196 3437 ipsum
218 3379 295 3435 esse,
312 3368 414 3423 toturn
428 3380 505 3435 0000,
523 3362 693 3438 plenitudo
710 3361 843 3422 essendi.

118 3479 153 3540 (1)
167 3480 195 3529 S.
211 3480 261 3529 Th.
276 3479 304 3529 in
316 3482 400 3542 Bo'e‘t.,
413 3483 489 3532 Tria.
505 3496 533 3545 q.
550 3480 575 3529 2.
587 3496 611 3529 a.
626 3478 650 3530 3.

119 3548 153 3610 (2)
169 3550 218 3601 cl..
235 3551 262 3600 S.
271 3552 328 3605 ,Th.
344 3552 367 3612 1,
384 3569 409 3617 q.
424 3552 450 3615 3,
464 3568 479 3601 a
493 3552 518 3601 5.

119 3618 154 3681 (3)
169 3620 236 3672 Vide
252 3620 282 3673 S.
301 3622 350 3671 Th.
363 3621 383 3671 l.
399 3624 443 3672 011.

119 3690 153 3751 14)
168 3690 196 3741 S.
210 3692 260 3741 Th.
275 3689 371 3742 Contra
385 3694 479 3743 Gentes
492 3693 512 3743 1.
527 3692 551 3743 1.
566 3708 590 3745 0.
603 3693 644 3744 25.
