2642 4209
262 274 460 317 uniurnvsrm
483 273 640 316 sanemus.
663 289 703 300 -
729 275 941 323 rsrouocoora.
1052 257 1105 320 191

127 387 307 448 Sedottum.
341 389 403 462 Qui
433 388 570 448 alteram
601 393 717 450 tenent
746 392 956 462 sententiam,
985 393 1108 454 docent

88 469 117 528 l⁰
132 467 345 528 uoluntatem
367 484 434 529 non
456 485 554 544 posse
577 467 789 532 determinari
818 471 992 533 adactum
1022 474 1106 536 libe·

85 564 160 607 rum
183 550 245 609 uisi
267 547 431 624 precedat
452 551 485 608 in
514 549 686 609 intellectu
717 548 887 612 definitum
909 552 1075 631 judicium
1098 571 1105 611 :

84 628 236 688 voluntas
259 630 347 688 enim
369 643 435 688 non
457 633 568 704 potest
583 627 662 689 ier-ri
675 628 737 688 nisi
760 631 793 691 in
808 632 978 711 objectum
993 635 1107 711 cogni-

86 713 169 780 tum,
195 723 269 767 cum
292 712 332 768 sit
353 711 519 784 appetitus
533 707 723 778 mutiendum
747 726 846 787 porro
869 714 1013 789 cognitio
1028 729 1107 776 vera

83 804 152 847 non
183 799 233 848 est
254 789 325 848 sine
342 788 468 866 judicio
489 787 605 864 (155):
636 795 840 866 quapropter
876 796 947 853 sine
978 791 1104 870 judic-lo

84 877 295 944 proponente
325 869 492 946 objectum
523 873 558 926 ut
585 867 637 927 hic
660 877 693 928 et
714 884 803 929 nunc
826 873 1106 947 amplectendum,

85 947 231 1024 cognitio
255 962 322 1008 non
345 945 564 1023 responderet
593 949 761 1023 citaequote
788 951 944 1025 notitioni,
974 954 1006 1013 2‘
1027 953 1108 1015 illud

79 1027 245 1106 judicium
292 1043 366 1088 esse
404 1026 505 1088 debet
539 1031 720 1103 practicurn
753 1029 787 1088 in
830 1047 931 1092 sensu
973 1029 1107 1094 definito

82 1107 132 1184 (ll,
157 1109 229 1180 303)
258 1108 345 1180 :fac
372 1107 443 1172 doc,
467 1109 543 1183 quia
566 1115 663 1167 secus
693 1107 846 1170 toluntas
876 1114 948 1172 sine
980 1114 1107 1174 ratione

82 1187 169 1248 viam
193 1188 376 1249 illustrante
399 1186 587 1258 duceretur,
613 1203 674 1246 seu
695 1203 814 1263 reapse
835 1186 978 1252 ferretur
997 1192 1031 1253 in
1054 1194 1104 1253 in-

83 1269 267 1346 cognium,
291 1282 366 1327 cum
384 1267 547 1340 judicium
573 1267 813 1341 speculativum
844 1283 913 1331 non
943 1280 1107 1349 proponat

82 1348 149 1406 tote
172 1348 341 1425 objectum
364 1356 400 1405 ut
421 1347 473 1406 llic
489 1350 522 1406 el
535 1361 626 1407 nunc
648 1347 853 1426 eligendum.

82 1479 155 1540 306.
173 1512 212 1520 -
233 1481 341 1538 'lassis
364 1480 414 1538 lll.
444 1477 604 1547 Voluntas
617 1480 724 1552 postte
740 1479 840 1540 etiem
853 1480 967 1542 ultimo
977 1484 1106 1560 judicio

116 1559 283 1634 practico,
308 1563 452 1618 remanet
474 1558 580 1617 tibere
602 1562 667 1618 stoc
694 1562 802 1635 quoad
825 1565 1017 1623 exercitium
1039 1566 1107 1624 sive

122 1641 236 1714 quoad
249 1641 382 1715 spectem
400 1645 499 1698 actuo.

121 1763 208 1822 Nota
223 1763 244 1821 l.
268 1763 363 1821 luxta
384 1761 509 1837 plures,
532 1761 684 1821 voluntas
704 1760 738 1820 in
760 1759 893 1839 agendo
914 1780 981 1824 non
997 1765 1105 1826 solum

83 1839 257 1918 dependet
279 1856 296 1899 a
320 1840 445 1917 judicio
477 1841 618 1916 practico
652 1841 841 1902 intellectus
862 1841 913 1922 (ll,
936 1845 1020 1922 305),
1042 1845 1104 1906 sed

83 1925 184 1982 etiam
201 1921 437 1982 determinatur
450 1924 490 1982 ab
513 1919 576 1980 troc
591 1919 718 1997 judicio
740 1924 896 1998 practico,
914 1928 948 1983 et
969 1923 1104 2002 quidem

82 2001 123 2061 ab
147 2002 273 2074 uitium,
290 1999 379 2078 quod
403 2009 452 2061 est
473 2002 614 2059 maxime
638 1998 902 2061 determinatum.

121 2081 206 2141 Noto
233 2082 269 2140 ll.
302 2080 465 2140 tudinium
494 2083 675 2155 practicum
697 2080 872 2155 dupliciter
892 2082 943 2142 hic
965 2083 1104 2164 intelligi

80 2165 194 2235 potest
216 2177 222 2218 :
252 2163 278 2220 l¹¹
301 2165 463 2237 quatenus
479 2169 528 2218 est
549 2161 699 2220 ultimum
718 2160 880 2240 judicium
902 2163 1102 2235 intellectus,

82 2240 174 2317 quod
197 2241 356 2317 praecedit
378 2241 576 2300 electionem
598 2240 782 2311 voluntatis,
805 2243 837 2302 2⁰
861 2252 1024 2318 quatenus
1053 2249 1105 2306 est
1138 2279 1140 2282 >

80 2320 232 2381 ultimum
256 2322 422 2399 ¹judicium
456 2320 644 2380 intellectus
671 2320 761 2397 quod
793 2325 941 2398 sequitur
972 2326 1102 2386 electlo·

79 2415 159 2460 nem
180 2401 359 2461 voluntatis
383 2418 390 2457 ε
414 2400 447 2460 in
471 2399 531 2458 troc
554 2416 655 2460 sensu
672 2416 751 2477 ergo
773 2398 872 2462 docet
887 2402 1102 2466 Bellarminus

76 2479 241 2558 judicium
265 2482 442 2557 practicam
458 2494 476 2538 a
492 2479 594 2538 libera
609 2480 779 2541 voluntate
800 2479 887 2550 oriri,
913 2497 983 2558 quae
1005 2484 1099 2545 intel-

79 2561 205 2621 lectum
226 2564 387 2620 curvor-tlt
400 2559 443 2619 ad
466 2561 562 2618 unius
579 2563 678 2634 partis
700 2560 820 2622 motiva
838 2561 1002 2622 exclusive
1026 2575 1101 2625 con-

80 2641 290 2718 templante:
315 2646 348 2700 et
369 2643 414 2700 sic
430 2639 617 2699 intellectus
639 2638 674 2698 lit
695 2641 859 2716 practicus
889 2657 930 2701 ex
951 2643 1100 2716 specula·
1145 2672 1148 2680 ,

81 2720 146 2781 tivo
194 2738 200 2779 :
226 2719 314 2780 unde
335 2718 416 2779 illud
435 2718 594 2794 judicium
616 2734 683 2779 non
704 2720 930 2788 antecederet,
945 2722 1005 2781 sed
1021 2739 1102 2785 con-

81 2809 280 2876 sequeretur
303 2800 493 2860 exercitium
525 2797 695 2871 libertatis,
719 2807 752 2860 et
780 2801 930 2861 voluntas
951 2804 1100 2879 rigorose

82 2879 361 2940 determinaretur
382 2880 422 2940 ab
444 2879 558 2938 ultimo
576 2879 702 2958 judicio
725 2882 882 2956 practico.
909 2882 944 2940 ln
965 2887 1100 2944 senten-

81 2960 123 3020 tia
146 2961 288 3020 Suarezii
316 2961 370 3038 (l),
404 2961 552 3019 voluntas
582 2975 649 3018 non
681 2960 870 3020 necessario
903 2966 1101 3038 sequeretur

74 3039 239 3117 judicium
264 3041 364 3116 praui
378 3055 453 3110 um,
478 3036 569 3115 quod
591 3039 795 3116 caeteroquin
817 3037 995 3117 aliquando
1011 3057 1100 3119 prae·

78 3123 176 3181 vertit
197 3122 247 3197 (ll,
271 3121 341 3189 305,
366 3133 442 3178 noto
467 3118 520 3195 l).

116 3202 215 3262 Prot).
244 3201 264 3258 l.
291 3202 324 3259 ln
349 3199 450 3271 prima
474 3199 649 3263 sententia.
665 3195 818 3262 ultimum
828 3197 993 3276 judicium
1008 3218 1100 3278 prac-

79 3279 180 3340 ticum
216 3285 305 3340 esset
341 3278 478 3338 liberum
515 3293 556 3336 ex
597 3276 772 3338 voluntatis
811 3280 966 3355 imperim
1009 3285 1100 3360 alqut

76 3363 229 3422 voluntas
258 3358 301 3419 ad
332 3360 396 3419 hac
422 3358 586 3436 judicium
617 3355 862 3433 imperandum,
895 3363 1026 3420 nonnisi
1058 3363 1098 3424 ab

76 3441 139 3501 alio
163 3440 328 3500 anteriore
346 3437 470 3517 judacio
504 3442 648 3514 practico
680 3435 963 3509 determinaretur,
999 3447 1032 3502 ct
1052 3443 1098 3503 sic

75 3522 108 3581 in
129 3519 305 3587 infinitum,
330 3518 420 3596 quod
447 3522 497 3578 est
530 3515 722 3578 absurdum.
755 3518 840 3596 Ergo
877 3535 1016 3581 necesse
1046 3525 1100 3582 est

75 3605 110 3661 ut
132 3602 235 3660 etiam
256 3601 362 3676 posito
380 3597 506 3677 judicio
529 3600 690 3675 practico,
713 3596 817 3659 libera
837 3605 1010 3661 remaneat
1038 3611 1096 3664 vo*

104 3761 141 3824 (l)
157 3758 292 3822 Metaplt„
308 3756 333 3808 d.
348 3756 418 3830 XlX,
432 3757 460 3808 S.
476 3757 501 3819 6,
516 3760 542 3806 et
556 3757 588 3806 de
605 3756 684 3806 erat.
713 3755 738 3818 1,
751 3755 770 3805 l.
784 3771 807 3806 c.
822 3757 849 3818 2,
862 3770 888 3806 n.
904 3757 931 3819 l,
949 3748 1000 3808 etc.
