2642 4209
699 244 710 294 t
879 210 962 272 ''sd‘
1000 240 1005 259 ι

276 283 472 331 nurmavsren
493 282 653 329 sracnms.
669 242 923 358 --ὀόειιοιοῦἰᾋἶ

900 359 906 382 t

410 407 693 477 §ll.l)evitaegra
735 386 739 397 ’

129 513 183 576 76.
207 547 246 557 -
270 513 350 586 Vita,
372 518 410 574 ut
430 518 529 575 antea
552 512 706 586 diximus,
730 519 781 574 est
801 514 949 575 activitas
971 529 1112 592 queens

87 595 242 671 seipsum
262 598 387 667 movet3
413 598 617 672 quapropter
638 610 704 671 quo
725 593 904 670 perfectior
926 599 976 655 est
990 594 1110 658 modus

87 688 128 734 se
149 672 317 744 movendi,
341 690 381 736 eo
404 670 582 750 perfectior
603 678 653 735 est
673 672 749 736 vita.
773 674 840 736 Sed
855 674 974 735 modus
995 690 1031 736 se
1041 690 1110 736 mo-

86 751 192 815 vendi
213 754 330 831 triplex
350 752 508 832 distingui
528 758 652 831 potest.
677 756 707 816 l⁰
728 754 883 828 Quadam
903 759 981 817 sunt
994 757 1108 817 viven-

87 833 136 895 tia
157 849 230 911 qua
251 836 360 910 seipsa
381 839 517 895 movent
539 834 710 895 dumtaxat
730 835 912 895 seeundum
926 838 1110 898 ineremen-

89 918 161 975 tum
184 914 238 975 vel
258 911 520 986 decrementum,
544 923 578 974 et
598 914 790 993 hujusmodi
811 918 888 975 sunt
908 915 1037 991 plante.
1076 916 1110 977 2⁰

89 992 250 1067 Quadam
280 999 357 1055 sunt
384 996 528 1057 viventia
558 1010 629 1071 qua
659 993 770 1071 seipsa
800 1000 934 1057 movent
963 994 1007 1055 ad
1028 1010 1107 1070 pro-

88 1074 201 1148 prium
229 1073 353 1134 bonum
384 1072 644 1151 assequendum,
679 1078 712 1134 et
739 1074 816 1135 talia
847 1079 924 1135 sunt
942 1074 1106 1137 animalia.

89 1154 123 1214 3⁰
142 1150 293 1213 Tandem
314 1152 463 1233 quaedam
484 1158 562 1215 sunt
582 1155 734 1225 viventia,
759 1170 828 1231 quae
850 1156 960 1231 seipsa
974 1157 1110 1216 movent

88 1234 176 1294 circa
199 1234 323 1295 bonum
344 1237 513 1311 cognitum
531 1235 592 1294 sub
615 1234 741 1295 ratione
762 1235 836 1297 linis
852 1253 860 1294 ε
876 1235 943 1295 hnc
966 1234 1108 1296 viventia

87 1317 169 1373 sunt
188 1313 425 1375 intellectualia
447 1314 544 1373 entia.

128 1392 262 1469 Triplex
283 1409 363 1472 ergo
387 1392 599 1471 distinguitur
614 1389 742 1469 gradus
763 1391 832 1453 vitae
856 1410 863 1450 ε
886 1394 953 1455 vita
973 1396 1107 1473 vegeta-

87 1474 167 1548 tiva,
189 1474 255 1533 vita
276 1473 433 1534 sensitiva
455 1478 489 1534 et
508 1474 574 1534 vita
594 1472 804 1534 intellectiva.

448 1604 468 1653 1.
484 1604 521 1653 De
539 1601 589 1652 vita
603 1600 755 1667 vegetativa.

95 1716 100 1721 “
126 1720 178 1782 77.
194 1753 235 1763 -
255 1719 326 1781 Vita
347 1720 535 1798 vegetativa
557 1734 596 1779 ea
618 1722 670 1779 est
690 1733 756 1795 qua
784 1718 916 1794 proprie
937 1716 1108 1780 instruun-

89 1806 143 1861 tur
163 1801 294 1877 planta‚
331 1815 403 1877 quae
424 1800 484 1860 bac
505 1799 575 1860 sola
606 1796 766 1875 gaudent.
788 1799 956 1877 Vegetalia
987 1814 1106 1875 reapse

86 1881 213 1955 vivunt,
237 1884 274 1941 ut
294 1883 386 1957 patet
404 1896 445 1940 ex
468 1894 583 1942 eorum
604 1877 851 1954 operationibus
873 1878 1025 1939 vitalibus
1046 1894 1108 1939 seu

86 1961 321 2035 sanctionibus,
345 1976 415 2037 qua
436 1958 478 2020 ad
501 1965 566 2019 tres
586 1957 703 2018 reduci
733 1958 852 2028 solent,
886 1958 1042 2019 nimirum
1063 1957 1107 2020 ad

87 2040 315 2109 nutritionem,
339 2042 527 2101 auctionem
549 2042 583 2098 et
602 2040 867 2115 generationem.

126 2118 338 2196 experientia
368 2121 456 2180 enim
487 2122 617 2179 constat
645 2118 776 2195 plantas
810 2120 839 2178 10
861 2116 1021 2178 trahendo
1042 2117 1101 2178 ali·

86 2204 240 2261 mentum
268 2201 399 2268 nutriri,
424 2199 457 2259 2⁰
483 2213 624 2257 erescere
653 2213 729 2258 sese
757 2194 975 2258 diffundendo
999 2199 1034 2258 in
1054 2214 1105 2259 ra·

86 2296 171 2352 moa,
193 2277 304 2347 flores,
326 2277 462 2349 fructus
485 2282 563 2348 ete,
587 2276 732 2354 denique
753 2277 786 2337 3⁰
809 2277 874 2337 stet
894 2277 999 2338 simite
1022 2294 1103 2352 pro-

84 2363 233 2437 precere,
265 2356 481 2435 producendo
513 2356 650 2427 semina,
682 2372 700 2415 e
732 2356 851 2434 quibus
887 2357 955 2417 alia
990 2357 1107 2434 planta

87 2437 202 2499 enasci
222 2442 375 2515 possunt.
400 2438 493 2497 Patet
523 2451 601 2514 ergo
622 2439 724 2498 vitam
750 2436 972 2514 vegetativam
1004 2436 1108 2498 tribus

85 2518 151 2579 frui
166 2517 426 2595 operationibus
443 2516 630 2588 nutritione,
654 2516 805 2576 auctione
827 2522 858 2575 et
875 2516 1092 2593 generatione
1098 2536 1110 2588 ,·

87 2596 211 2661 exinde
232 2604 299 2659 tres
320 2601 397 2658 sunt
417 2597 530 2657 animae
550 2596 744 2673 vegetativae
769 2594 954 2668 facultates,
984 2610 1106 2674 nempe

85 2680 133 2749 ors
146 2678 378 2749 nutritionem
392 2680 554 2737 ocoretrbo
570 2679 603 2735 et
617 2677 665 2736 ots
678 2678 876 2751 generativa.
900 2677 969 2737 lsta
990 2679 1109 2752 poten-

86 2759 135 2819 tiae
157 2758 192 2818 in
214 2758 281 2818 suis
303 2757 495 2818 muneribus
507 2755 703 2817 exercendis
725 2758 862 2816 utuntur
877 2755 973 2816 variis
983 2756 1106 2817 instru-

86 2839 223 2899 mentia.

84 2970 137 3032 78.
169 3000 208 3010 -
228 2968 346 3027 Tarsis.
370 2963 545 3041 raptatos
582 2964 692 3023 existit
723 2962 927 3039 princapt‘am
965 2962 1103 3038 aliquod

124 3046 235 3117 vitale,
250 3050 391 3107 onnmet
401 3044 541 3120 simplex
560 3042 670 3119 quood
679 3044 858 3116 essentiam,
871 3059 892 3102 o
901 3045 1017 3119 formo.
1035 3043 1108 3105 aab

126 3126 279 3191 stantfoti
289 3141 354 3187 non
374 3127 539 3187 diversam
554 3124 604 3201 (ll,
626 3120 689 3201 75).

125 3260 220 3321 Note.
245 3259 268 3318 l.
291 3258 516 3327 Recentiores,
551 3256 607 3332 qui
638 3269 657 3313 a
687 3251 801 3314 formis
831 3253 1111 3317 substantialibus

86 3339 278 3412 abhorrent,
301 3339 474 3397 autumant
495 3335 622 3395 nullum
643 3349 718 3394 esse
740 3336 774 3395 in
794 3334 1003 3411 vegetalibus
1019 3335 1107 3411 prin·

87 3418 210 3496 cipium
230 3417 420 3487 activitatis;
436 3414 523 3476 vires
545 3411 707 3491 quasdam
730 3413 883 3475 chimieas
906 3418 938 3475 et
952 3415 1109 3493 physicas

85 3500 147 3561 sub
169 3498 350 3577 organismi
372 3494 616 3558 conditionibus
638 3498 815 3569 operantes
838 3492 996 3555 duntaxat
1006 3508 1109 3573 agno·

85 3582 194 3641 scunt-
218 3574 409 3639 scholastici
427 3578 559 3637 veteres
580 3580 612 3634 et
633 3587 750 3634 eorum
769 3572 968 3649 interpretes
988 3578 1107 3635 nostra

87 3657 202 3731 atatis,
224 3672 367 3736 quorum
387 3654 587 3718 sententiam
607 3667 857 3732 propugnamus
872 3652 907 3713 in
929 3652 1025 3729 thesi,
1047 3669 1109 3733 ges
