2642 4209
276 243 472 288 unrnrnvsitx
494 241 935 288 SPuGlAt18.-PSYGHOLOGta.
1062 222 1118 293 133

99 357 189 418 xime
210 353 349 417 facultas
371 357 538 434 organica,
560 357 591 417 2⁰
614 355 780 432 objectiva,
803 354 893 433 quod
915 361 966 416 est
991 356 1117 434 aliquid

98 450 297 511 corporeum
319 436 471 496 sensibus
492 438 652 512 pervium.
677 436 824 496 Sensatio
844 434 1025 514 subjective
1040 449 1115 513 spc-

99 520 186 576 ctata
201 525 251 576 est
266 514 414 593 quaedam
427 513 590 578 facultatis
606 517 770 576 sensitivae
786 515 932 588 allecti03
949 516 1113 591 objectiva

97 609 161 656 seu
182 597 216 676 in
237 595 352 656 ordine
374 593 417 656 ad
437 596 822 664 realitaternexternam,
840 600 890 655 est
910 597 1040 658 sensilis
1054 597 1114 663 hu-

92 676 191 754 jusce
215 674 371 736 realitatis
391 676 651 753 repraesentatio.
677 676 732 735 llio
754 687 821 736 non
841 676 954 754 agitur
971 675 1012 736 de
1033 687 1111 736 sen-

96 755 227 816 satione
249 762 413 834 quatenus
435 758 483 816 est
505 755 633 815 affectio
657 762 817 832 actusque
838 754 979 833 subjecti
994 771 1113 833 appre-

96 833 274 913 hendentis
298 855 305 896 :
328 836 391 896 hoc
413 837 501 896 enirn
527 833 625 896 modo
648 842 805 910 spectata,
829 833 872 896 ad
897 839 1035 897 sensum
1059 838 1109 896 in·
1229 896 1230 899 ,

96 921 228 977 ternum
251 919 392 994 pertinet
414 915 425 973 τ’
445 917 478 976 in
499 913 655 991 praesenti
677 916 784 993 agitur
805 913 963 977 duntaxat
984 914 1026 976 de
1047 917 1110 976 hac
1164 964 1165 967 ,

96 999 127 1056 vi
149 993 423 1072 repraesentandi.
1014 1008 1018 1013 ·

136 1075 301 1149 Quaeritur
322 1076 409 1136 enini
431 1073 597 1152 quomodo
621 1080 795 1134 enascatur
814 1075 848 1134 in
870 1075 965 1136 nobis
993 1089 1107 1135 sensa·

94 1157 156 1216 tio?
178 1155 265 1232 Quid
286 1155 329 1216 ad
349 1156 437 1215 illam
460 1153 721 1215 constituendam
751 1152 898 1215 conferat
922 1153 1110 1232 objectum?

95 1234 175 1312 quid
196 1235 352 1297 facultas?
373 1237 449 1295 Haec
470 1237 597 1312 questio
621 1240 687 1294 tam
707 1249 828 1312 magna
850 1233 1034 1296 obvolvitur
1052 1234 1110 1295 ob·

95 1317 259 1389 scuritate,
281 1323 317 1376 ut
338 1314 472 1394 quidam
495 1319 609 1374 auctor
629 1310 683 1392 (l),
706 1317 823 1374 inanes
845 1320 980 1376 conatus
994 1330 1109 1375 recen-

95 1393 213 1456 tiorum
234 1399 331 1456 unice
355 1393 580 1468 considerans
604 1392 767 1454 affirmare
799 1411 864 1456 non
895 1399 1049 1456 vereatur
1076 1392 1109 1454 id

93 1474 267 1555 hucusque
302 1491 322 1536 a
356 1473 489 1536 nemine
524 1473 680 1552 explicari
710 1475 868 1551 potuisse.
902 1474 993 1536 Circa
1022 1475 1109 1534 hanc

96 1553 350 1632 disputationem
374 1559 402 1616 l⁰
423 1554 566 1615 breviter
590 1555 841 1616 recensebimus
866 1551 949 1616 falsa
976 1562 1031 1615 aut
1056 1555 1107 1614 in·

95 1636 258 1712 completa
276 1641 464 1714 systemata,
481 1651 613 1695 necnon
628 1636 826 1695 sententiam
841 1633 1109 1695 scholasticorum

95 1717 277 1792 synthetice
307 1731 548 1792 proponemus:
571 1717 602 1775 2¹¹
632 1713 837 1776 diversarum
867 1716 1108 1777 sententiarum
1151 1718 1153 1722 '

93 1791 307 1856 fundamenta
328 1795 447 1856 thetice
469 1797 685 1866 excutiemus,
708 1796 897 1872 opinionem
919 1794 951 1855 S‘.
973 1795 1107 1856 Thomae

94 1878 306 1954 omniumque
328 1875 597 1936 scholasticorum
618 1873 875 1952 propugnando.
956 1889 961 1896 “

94 2018 143 2100 §L¹
158 2018 199 2071 lie
214 2015 306 2071 variis
321 2015 532 2085 systernatibus
546 2015 584 2072 acl
598 2015 802 2085 explicandam
815 2016 949 2086 genesim
964 2016 1109 2071 sensatio-

465 2101 537 2142 num
551 2087 736 2156 excogitatis

130 2216 199 2277 220.
226 2249 261 2258 —
282 2215 427 2276 Praesens
459 2218 593 2292 questio
623 2213 803 2292 arctissime
830 2217 1000 2295 colligatur
1031 2233 1107 2278 cum

94 2312 128 2356 ea
158 2311 227 2373 quae
253 2296 287 2356 in
314 2294 543 2372 explicandam
569 2299 719 2355 naturam
742 2298 873 2358 unionis
894 2297 1008 2358 animae
1030 2313 1107 2358 cum

94 2393 227 2453 corpore
242 2375 412 2444 incumbit,
430 2383 462 2436 et
478 2374 597 2436 exinde
612 2379 731 2436 mirum
751 2390 819 2435 non
840 2381 891 2437 est
910 2377 964 2437 liic
987 2376 1105 2438 eadem

92 2457 225 2532 reperiri
248 2460 439 2534 systemata,

130 2537 160 2596 1⁰
179 2535 418 2608 llalebranche,
442 2549 502 2594 suo
525 2535 696 2612 systemati
718 2549 890 2595 causarum
911 2539 1105 2597 occasiona-

90 2614 167 2674 lium
187 2615 353 2685 insistens,
370 2614 469 2675 docet
489 2616 714 2675 sensationem
735 2631 809 2675 esse
829 2612 1111 2676 modificationem.

92 2694 201 2754 animae
222 2711 240 2755 a
261 2696 330 2754 Deo
353 2695 559 2770 productam,
581 2701 613 2754 et
635 2691 755 2753 exinde
775 2693 841 2754 fide
864 2694 1022 2756 duntaxat
1042 2711 1105 2756 nos

91 2789 185 2848 posse
207 2773 248 2834 de
272 2790 444 2850 corporum
466 2771 639 2834 existentia
668 2777 701 2834 et
728 2775 982 2852 proprietatibus
1006 2776 1101 2836 certi-

94 2851 235 2914 tudinem
255 2853 390 2916 habere.

126 2933 157 2992 2⁰
170 2934 362 2994 Leibnitzius
378 2933 490 2994 docuit
504 2935 727 2994 sensationem
747 2949 814 2993 non
837 2948 911 2994 esse
933 2930 1020 2994 aliud
1041 2933 1104 2996 nisi

92 3013 267 3073 naturalem
289 3013 439 3075 monadis
454 3013 625 3076 sentientis
642 3013 875 3086 evolutionem,
893 3027 968 3090 quae
981 3011 1105 3086 ¹eodem

92 3091 183 3152 modo
214 3094 425 3170 contingeret
452 3093 480 3153 si
512 3092 639 3152 nullum
670 3108 788 3169 corpus
821 3099 910 3153 esset
940 3107 1102 3171 praesens,

91 3169 248 3248 siquidem
272 3173 380 3233 anima
412 3172 450 3232 ab
483 3173 623 3251 objectis
657 3173 800 3233 externis
832 3171 1011 3234 modificari
1035 3189 1104 3234 non

91 3256 201 3326 potest.
237 3250 361 3312 Eadem
394 3253 499 3312 series
534 3253 867 3328 repraesentationum
898 3254 1104 3314 sensibilium

91 3327 175 3390 lieret
195 3332 229 3389 in
250 3331 383 3392 homine
405 3332 432 3391 si
455 3330 597 3392 mundus
630 3337 787 3392 externus
808 3348 876 3393 non
899 3335 998 3394 esset.
1022 3333 1103 3393 Hinc

65 3439 68 3446 ·
92 3425 139 3468 res
159 3417 302 3470 externae
329 3410 455 3470 nullum
480 3426 615 3486 prorsus
639 3411 761 3474 habent
786 3410 946 3474 influxum
967 3413 1002 3474 in
1022 3428 1100 3490 pro-

93 3487 271 3551 ductionem
291 3492 529 3551 sensationum.

119 3633 148 3696 (1)
160 3635 193 3684 R.
206 3635 238 3685 P.
252 3633 284 3684 dc
294 3635 426 3700 Boylesve,
441 3637 544 3687 Cursus
553 3636 623 3700 phil.
632 3638 736 3702 psych„
750 3645 765 3696 s
777 3639 816 3689 27.
