2642 4209
297 292 496 339 transcursim
517 291 674 337 saucians,
692 310 728 319 —
744 292 958 338 asianosoma,
1094 275 1136 336 75

151 405 289 455 Scholium
303 408 334 456 ll.
349 408 410 457 Post
425 413 534 457 mortem
547 402 592 455 seu'
605 406 790 471 separationem
806 406 898 457 animae
910 422 926 456 a
940 422 1057 471 corpore,
1076 406 1139 456 sub·
1201 438 1208 450 ·

112 467 251 535 stautinles
265 470 416 519 mutationes
430 472 494 518 liunt
508 469 534 517 in
547 483 664 533 corpore,
678 470 738 518 licet
751 468 814 533 ipsae
826 470 942 518 sensibus
955 484 1007 518 non
1032 467 1136 532 conspi-

112 533 236 579 ciantur:
253 546 331 593 quare
346 531 409 579 nihil
423 530 530 597 impedit
543 531 677 593 quominus
690 532 842 580 admittitur
855 532 948 591 formo
962 531 1134 587 cadaverica,

112 593 147 652 ut
159 590 242 653 aiunt,
257 608 301 642 seu
316 592 401 656 aliqua
415 595 498 642 lernau
509 592 685 641 substantialis
699 608 821 661 ¹orporea
831 607 888 656 quae
901 591 1016 641 succedit
1029 590 1134 649 animae3

113 651 186 700 sicut
197 667 225 702 v.
243 669 279 717 g.‚
293 654 373 703 torma
386 654 453 718 ignis
466 654 577 705 succedit
591 654 680 703 formae
693 654 756 718 ligna
770 656 830 702 dum
845 670 875 701 ex
888 654 958 717 ligno
972 655 1001 703 lit
1013 652 1093 717 ignis;
1108 657 1136 702 at

114 714 201 761 torma
216 714 259 763 illa
273 732 324 765 non
339 716 487 780 producitur
501 715 646 764 immediate
660 733 675 764 a
689 718 752 775 Deo,
767 719 833 765 sicut
845 714 940 776 anima,
955 716 999 764 sed
1017 714 1136 766 educitur

113 790 130 885 ἶ
146 775 445 885 11rlateria,aicutomues
463 779 553 829 formae
573 778 751 827 substantiales
768 776 911 838 inferiores,
926 792 971 827 seu
988 792 1039 826 nou
1057 775 1136 842 spiri-

128 851 210 886 uses.

118 943 190 1005 121.
215 978 253 987 —
277 948 385 1009 'lassis
409 949 446 1008 ll.
471 949 587 1009 Anima
610 946 804 1009 intellectiva
827 963 891 1007 non
918 953 961 1007 est
983 948 1082 1007 unica
1102 944 1136 1003 tn

157 1028 282 1085 cunctis
292 1027 499 1106 dominibus(
519 1026 541 1107 ).
901 1053 905 1059 ·

156 1149 252 1208 Nota.
268 1150 339 1210 Hac
357 1152 530 1223 sententia,
552 1167 652 1228 quam
673 1150 779 1211 tenuit
798 1150 972 1220 Averroes
998 1147 1134 1209 damna·

116 1228 149 1285 ta
170 1224 233 1287 fuit
254 1246 272 1288 a
295 1229 435 1292 Concilio
459 1230 680 1303 Lateranensi‚
705 1231 766 1290 sub
788 1230 896 1289 Leone
917 1230 945 1289 X
968 1246 975 1288 :
1004 1253 1017 1283 ι
1041 1230 1136 1288 Dam-

115 1320 234 1379 uamus
257 1313 291 1369 et
312 1311 539 1386 reprobamus,
564 1312 608 1370 ait
630 1310 821 1379 Concilium,
844 1324 960 1368 omnes
982 1322 1134 1369 asseren-

115 1390 166 1446 tes
188 1387 333 1449 animam
359 1390 629 1452 intellectivam...
653 1404 766 1449 esse...
789 1387 922 1449 unicam
947 1390 982 1448 in
1010 1390 1136 1450 cunctis

115 1463 315 1545 hominibus.
341 1491 354 1521 s

140 1546 329 1609 ,Proculam
354 1548 385 1607 Si
407 1548 515 1609 anima
537 1547 733 1610 intellectiva
755 1546 851 1607 unica
874 1551 962 1607 essct
983 1546 1016 1604 in
1039 1564 1136 1609 cunc·

116 1622 158 1683 tis
179 1624 379 1700 hominibus
405 1630 433 1688 1ο
455 1628 607 1706 quelibet
628 1629 773 1703 operatio
794 1626 893 1702 hujus
915 1626 1028 1687 anima
1050 1630 1139 1687 esset

118 1705 479 1773 omnibnshominibus
495 1708 726 1778 communiet
756 1707 888 1766 unicum
909 1710 998 1766 esset
1019 1721 1135 1783 agens,

118 1784 213 1845 sicuti
244 1792 294 1846 est
324 1787 459 1848 unicum
486 1788 608 1867 agendi
643 1787 850 1865 principium.
883 1786 981 1861 Atqui
1017 1801 1134 1847 conse·

120 1878 228 1938 quens
250 1870 300 1925 est
321 1867 501 1928 absurdum
523 1875 620 1947 atque
644 1867 848 1928 conscientiae
870 1866 1056 1927 testimonio
1079 1882 1131 1927 re·

117 1941 259 2005 luctans.
283 1946 379 2023 Erga.

161 2024 176 2083 l
215 2024 245 2083 Si
267 2028 363 2086 unica
385 2031 473 2087 essct
494 2025 601 2085 anima
622 2025 655 2085 in
685 2027 809 2087 cunctis
832 2024 1031 2095 hominibus,
1058 2041 1134 2102 pro-

116 2097 206 2165 fecto
234 2106 444 2180 operationes
471 2120 542 2183 quae
564 2123 605 2166 ex
630 2108 702 2181 ipsa
741 2105 932 2172 scaturiunt,
969 2105 1045 2164 huia
1075 2104 1137 2180 ipsi

115 2185 332 2257 pertinerent,
356 2202 394 2245 ac
415 2185 554 2262 proinde
578 2190 690 2246 essent
712 2200 904 2245 communes
925 2183 963 2245 iis
985 2184 1138 2258 omnibus

116 2262 368 2335 quibusnnima
391 2269 441 2325 est
472 2265 666 2326 conrmunis
694 2265 790 2341 Atqui
817 2262 987 2324 manifeste
1010 2259 1142 2324 contra·'

113 2342 201 2401 rium
224 2348 273 2404 est
296 2346 505 2420 experientia
527 2346 738 2421 operationes
759 2344 873 2404 animae
896 2358 970 2403 esse
994 2358 1138 2404 commu-

114 2434 178 2480 nes
201 2422 350 2484 omnibus
371 2425 568 2488 hominibus,
592 2426 677 2504 Ergo
699 2421 780 2483 falsa
804 2428 853 2483 est
875 2421 1017 2498 opinatio
1040 2424 1137 2483 Aver-

114 2502 182 2561 rois
219 2506 252 2563 et
286 2520 402 2563 eorum
436 2506 655 2566 recentiorum
693 2503 749 2579 qul
786 2502 862 2562 huic
901 2501 1135 2579 suffragantur,

116 2595 149 2641 v.
172 2580 223 2658 gr.
248 2581 378 2645 Causin.

158 2662 191 2721 2ο
211 2664 272 2722 Tot
292 2670 368 2724 sunt
389 2664 518 2740 agentia
542 2663 694 2725 distincta
717 2665 797 2740 quot
817 2666 895 2723 sunt
915 2658 1073 2737 principia
1086 2676 1135 2720 ra·

117 2738 236 2803 dicalia
265 2744 384 2805 virtute
416 2743 538 2816 agendi
569 2744 713 2821 predita.
745 2743 843 2817 Atqui
864 2743 898 2802 in
932 2740 1007 2801 data
1032 2740 1136 2817 hypo-

116 2818 201 2881 thesi
228 2825 357 2883 unioum
386 2830 473 2884 esset
498 2825 531 2885 in
557 2823 743 2885 hominibus
772 2822 967 2897 principium
992 2818 1135 2879 radicale

116 2900 252 2977 agendi,
280 2918 401 2977 nempe
426 2905 494 2963 hnc
526 2904 633 2963 anima
661 2902 851 2966 communis.
874 2901 958 2977 Ergo
985 2898 1136 2958 haimines

115 2993 185 3039 non
208 2987 320 3043 essent
341 2984 471 3061 agentia
494 2982 657 3055 distincta,
682 2982 771 3059 quod
794 2983 915 3056 pariter
934 2977 1136 3040 evidentissi-

115 3074 175 3118 ma
197 3064 405 3136 experientia
428 3064 616 3139 opponitur,
643 3066 676 3122 et
697 3062 942 3139 pantheismum
960 3057 1099 3121 inducit.

320 3179 382 3242 §IL
399 3180 439 3231 De
453 3179 562 3233 unione
577 3176 766 3232 animae'cum
783 3187 918 3245 corpore.

157 3284 226 3346 122.
250 3321 288 3331 -
314 3288 439 3358 Anima,
469 3302 540 3363 que
565 3287 662 3346 unica
690 3284 793 3346 estin
820 3298 954 3359 corpore
976 3281 1134 3352 humano,

115 3360 218 3426 debet
246 3382 333 3427 nuno
360 3364 560 3428 considerari
595 3364 706 3443 quoad
736 3361 873 3425 modum
905 3377 970 3439 quo
1002 3360 1038 3421 fit
1068 3360 1136 3421 hec

115 3458 191 3505 cum
217 3443 289 3517 ipso
318 3462 455 3519 corpore
481 3446 572 3512 unio.
603 3462 673 3518 auae
700 3441 784 3503 adeo
813 3447 863 3502 est
888 3442 998 3504 intima
1025 3446 1062 3500 ut
1095 3454 1136 3499 ex

116 3524 223 3585 anima
247 3524 280 3584 'et
306 3542 444 3601 corpore
466 3542 544 3598 una,
567 3526 644 3587 licet
667 3522 856 3600 composita,
882 3525 1037 3599 exsurgat
1060 3519 1136 3580 sub·

146 3674 180 3742 (1)
195 3674 262 3728 Vide
275 3676 302 3727 S.
313 3676 395 3727 Thom
408 3678 430 3727 i·
443 3692 468 3742 p.
483 3692 509 3742 q.
523 3676 563 3738 to,
579 3692 604 3727 s.
615 3674 640 3736 2,
661 3678 711 3723 etc.
