2642 4209
33 3661 97 3751 ‘Q

249 251 304 312 133
551 271 729 314 unuvnmuu
750 269 951 313 ennosounns

286 385 448 444 Probatur
469 385 505 444 ll.
528 383 574 444 Ex
595 387 669 463 ipsa
698 384 902 461 experientia
922 384 1021 461 plane
1044 388 1168 445 constat
1185 387 1233 448 ob·

241 464 369 540 jectum
404 461 448 523 ad
481 468 705 527 sensationem
740 480 948 534 concurrere,
985 478 1054 524 non
1087 463 1179 525 modo
1208 476 1236 530 ut

246 545 432 615 termimum,
464 543 647 604 sedetiam
668 549 706 605 ut
736 545 933 621 principium
963 544 1179 605 determinans
1204 564 1234 608 ac

245 639 397 696 movens;
421 623 573 685 omnibus
595 623 684 684 enim
704 629 821 684 notum
842 627 893 685 est
913 623 1045 702 obJ‘ecta
1066 638 1126 683 nos
1141 623 1235 686 deter-

244 705 369 765 minare
392 707 425 763 et
445 704 546 765 veluti
567 704 700 766 allicere
721 702 903 764 adsensus
924 705 959 764 in
972 705 1043 780 ipsa
1059 709 1233 765 converten-

247 779 322 855 dos3
345 799 375 843 vt.
399 797 447 859 g„
469 788 598 861 gustus.
622 784 773 853 olfactus,
806 788 923 855 tactus,
957 789 1033 851 etc„
1064 782 1233 859 impressio·

245 877 323 922 nem
337 879 449 924 rerum
464 868 676 926 externarum
688 861 861 925 manifeste
875 862 1055 940 recipiunt3
1072 869 1105 923 et
1124 864 1156 923 in
1176 869 1232 924 tan-

247 946 316 1003 tum
331 943 365 1003 lli
379 958 497 1004 sensus
512 944 643 1020 objecta
663 943 848 1021 percipiunt
869 944 904 1004 in
928 948 1089 1020 quantum
1111 943 1150 1002 ab
1171 943 1234 1019 ipsis

245 1019 432 1083 afficiuntur
468 1042 484 1084 ε.
510 1023 643 1102 quando
679 1024 886 1102 objectorum
919 1022 1003 1083 radii
1037 1021 1080 1082 ad
1114 1025 1235 1106 retinam

244 1118 352 1178 usque
373 1116 440 1163 non
461 1107 665 1182 pertingunt,
686 1104 766 1164 visio
790 1119 855 1166 non
884 1103 1035 1172 habetur,
1065 1105 1129 1163 ete.
1155 1103 1232 1181 Ergo.

283 1181 354 1243 224.
379 1215 416 1226 -
440 1183 673 1244 corollarium.
695 1185 741 1244 Ex
761 1182 822 1242 hac
852 1183 1048 1260 probatione
1080 1182 1177 1242 etiam
1195 1199 1233 1244 se·

244 1263 356 1338 quitur
384 1260 501 1323 falsam
526 1279 600 1323 esse
632 1265 834 1323 sententiam
854 1261 1187 1323 -occasionalistarum
1211 1266 1236 1323 et

246 1341 423 1412 Leibnitzii‚
448 1343 504 1419 qui
525 1345 611 1403 hanc
633 1343 798 1403 actionem
821 1358 996 1419 corporum
1025 1345 1060 1404 in
1087 1342 1154 1402 vim
1173 1357 1234 1402 sen·

243 1422 345 1483 tiendi
367 1421 552 1483 inficiantur
572 1422 667 1502 (406).

240 1538 311 1598 225.
337 1570 376 1580 —
398 1538 515 1597 Tussis.
546 1534 583 1596 ll.
609 1539 682 1596 Haec
704 1537 927 1596 determinatio
947 1537 988 1597 ab
1009 1537 1131 1610 adiecto
1143 1552 1238 1611 proac-

279 1618 370 1677 m'eas
402 1617 491 1678 dedet
526 1617 716 1677 intrinsecas
740 1616 873 1691 afficere
899 1617 965 1676 aim
997 1617 1164 1687 sentiendi,
1194 1633 1239 1677 seu

279 1698 418 1772 spectem
431 1698 621 1774 impressam
635 1700 826 1755 constituere
839 1693 892 1775 (l).

279 1812 452 1881 Probatur.
497 1809 548 1870 Ad
587 1810 814 1872 sensationem
853 1811 1020 1890 objectum
1055 1827 1239 1872 concurrere

240 1889 342 1952 debet
369 1888 619 1952 determinando
647 1907 783 1951 sensum
819 1897 851 1952 et
887 1889 1052 1952 movendo
1081 1891 1131 1968 (ll,
1163 1889 1238 1968 223);

238 1970 329 2047 atqui
348 1972 375 2030 si
394 1972 461 2031 haec
481 1971 708 2033 determinatio
730 1971 837 2047 ipsam
863 1971 1047 2048 potentiam
1064 1970 1240 2032 tmrtaseaa

238 2065 309 2126 non,
335 2047 490 2125 afficeret,
517 2064 584 2111 non
607 2056 795 2110 moveretur
818 2067 856 2110 ac
881 2051 1157 2110 determinaretur
1177 2050 1240 2111 haec
1289 2062 1291 2087 ²

237 2130 395 2206 potentia,
412 2147 473 2192 seu
486 2145 648 2208 organum
663 2133 826 2208 quatenus
845 2131 1035 2192 animatum.
1062 2129 1239 2190 indifferen-
1288 2196 1290 2211 Ι

238 2209 281 2269 tia
310 2210 396 2272 enim
426 2212 591 2272 sensitivae
620 2212 777 2286 potentiae
811 2214 862 2270 est
893 2213 1078 2270 tatra'osaca.
1099 2209 1240 2281 Eraoud

236 2291 458 2350 sensationem
473 2290 648 2368 requiritur
660 2290 837 2351 intrinseca
858 2293 974 2366 organi
989 2291 1121 2351 animati
1143 2289 1239 2350 deter·
1287 2294 1289 2333 ὲ

235 2371 382 2442 minatio,
407 2385 481 2449 quae
498 2376 547 2431 est
560 2370 664 2444 ipsius
679 2370 803 2444 speciei
816 2369 987 2445 impressae
1006 2368 1188 2445 productio.

274 2450 346 2513 226.
365 2483 399 2496 -
418 2450 649 2512 Corollartam.
672 2451 751 2510 ilinc
766 2447 846 2509 falsa
867 2453 918 2510 est
941 2449 1104 2510 sententia
1129 2449 1240 2511 scholae

235 2530 382 2603 Scodrae,
409 2545 483 2608 quae
509 2535 655 2590 autumat
669 2545 785 2589 sensus
809 2527 852 2588 ad
869 2528 1123 2606 percipiendum
1145 2529 1239 2589 deter-
1285 2570 1287 2577 -

234 2612 363 2680 minari,
394 2625 460 2669 non
486 2624 504 2669 a
527 2609 638 2686 specie
663 2611 834 2686 impressa,
859 2608 920 2670 sed
947 2609 1045 2670 unice
1074 2610 1115 2670 ab
1141 2609 1239 2686 aliquo

234 2687 392 2751 instinctu
407 2694 545 2750 naturae.
1284 2690 1286 2699 '

233 2803 304 2864 227.
325 2837 363 2846 -
381 2805 499 2864 Tussis.
523 2803 573 2862 lll.
597 2804 726 2876 Species
749 2803 908 2877 impressa
930 2818 994 2862 aaa
1019 2803 1064 2862 est
1091 2803 1241 2879 objectam
1283 2794 1285 2821 ³

274 2881 365 2959 quod
378 2881 502 2944 semilis
513 2881 715 2959 coaottioms,
730 2883 786 2942 scd
799 2881 957 2957 objectam
971 2897 1050 2958 qua.

272 2999 364 3060 Nata.
390 2999 446 3059 Hic
470 2998 579 3075 agitur
603 2995 644 3057 de
669 2997 739 3060 sola
763 2997 978 3074 perceptione
1003 3002 1152 3071 externa,
1175 3015 1240 3060 nam
1281 2992 1283 3067 l

231 3077 359 3153 species
386 3079 547 3154 impressa
573 3081 684 3153 potest
711 3093 784 3138 esse
821 3077 988 3155 objectum
1023 3078 1236 3155 perceptionis
1280 3098 1282 3189 p

229 3172 347 3219 sensus
361 3157 481 3234 interni
496 3159 557 3218 sub
574 3159 700 3218 ratione
715 3156 834 3217 doloris
847 3157 901 3218 vel
923 3155 1164 3218 delectationis

270 3235 442 3297 Prodatar'
457 3239 481 3297 1²
497 3253 579 3312 pars
597 3256 607 3296 .·
626 3237 756 3311 spartes
774 3237 933 3313 impressa
950 3253 1013 3298 aaa
1027 3241 1072 3296 est
1087 3237 1237 3314 adjectam
1278 3204 1281 3312 l

231 3315 531 3394 quodsaasatiom‘s.

268 3397 291 3456 l.
308 3395 344 3456 lu
360 3394 451 3473 quod
464 3395 652 3456 sensatione
667 3394 848 3472 percipitur
862 3400 913 3457 est
928 3397 1087 3456 terminus
1103 3395 1233 3472 objecti·

227 3490 287 3535 vus
311 3475 419 3552 hujus·
439 3475 652 3549 operationis;
686 3477 786 3552 atqui,
823 3478 861 3535 ut
895 3479 1023 3535 constat
1059 3491 1101 3536 ex
1137 3475 1231 3543 dictis,

261 3601 296 3664 (l)
309 3602 403 3654 Utrum
417 3600 541 3664 objectum
557 3599 589 3649 sit
599 3615 686 3650 caasa
699 3602 789 3652 totalis
802 3603 923 3666 effectiva
936 3601 1038 3667 speciei,
1049 3609 1074 3652 et
1087 3601 1232 3653 immutas.

230 3661 362 3726 disputant
374 3660 528 3711 scholastici.

221 3977 223 3998 l
