2642 4209
537 268 717 313 saeviamus
737 264 941 309 PHILOSOPHIAE

591 407 808 469 All'llCULUS
831 408 878 467 lll.

449 543 496 600 De
514 541 717 600 constitutivo
740 540 880 600 essentiae
895 538 1022 599 diviua.

268 670 339 731 354.
362 702 403 713 -
424 670 465 731 Ut
486 674 613 732 constat
636 687 676 731 ex
698 670 804 735 dictis,
827 670 1028 731 ineffabilem
1050 670 1109 730 Dei
1133 683 1233 731 essen-

227 749 307 811 tiam
328 749 476 826 pluribus
498 752 714 827 conceptibus
737 752 832 813 nobis
853 755 1143 827 repraesentamus,
1167 749 1234 825 quia

229 830 324 891 aliter
345 829 388 890 de
408 830 463 891 illa
485 834 630 909 cogitare
651 847 719 892 nou
741 847 928 908 possumus,
952 831 1050 891 Porro
1065 830 1152 889 inter
1170 829 1233 889 haec

227 909 402 986 predicata
431 908 655 988 quidditativa,
679 927 740 971 seu
760 910 983 987 perfectiones
1003 910 1075 970 illas
1089 908 1232 985 multipli-

229 1005 297 1064 ces,
321 1006 404 1067 quas
424 990 458 1049 in
481 991 549 1050 Deo
580 992 794 1068 concipimus
826 1006 893 1051 una
925 989 958 1051 in
989 992 1102 1050 nostro
1131 992 1231 1048 conci-

228 1067 342 1146 piendi
362 1069 460 1129 modo
481 1070 622 1132 habetur
635 1074 673 1131 ut
688 1072 825 1132 aliarum
839 1070 944 1131 radix,
959 1070 1037 1131 licet
1058 1071 1092 1128 in
1107 1084 1143 1127 re
1157 1067 1229 1144 ipsa,

227 1165 296 1210 non
318 1149 415 1209 detur
446 1166 513 1209 una
545 1151 615 1211 aliis
635 1153 735 1228 prior,
771 1167 808 1211 ac
834 1158 1022 1212 caeterarum
1042 1147 1232 1209 fundamen-

228 1234 308 1290 tum.
333 1227 370 1289 ld
392 1233 501 1289 tamen
525 1228 560 1290 fit
590 1235 625 1291 ut
653 1229 866 1308 imperfectus
894 1233 1004 1290 noster
1036 1226 1233 1307 intelligendi

226 1308 347 1370 modus
368 1308 474 1388 magis
497 1310 676 1386 excolatur,
707 1317 805 1389 atque
836 1310 953 1371 melius
980 1311 1142 1387 exprimat
1163 1308 1231 1385 quid

228 1388 270 1449 sil
290 1389 392 1458 Deus,
415 1388 559 1465 ideoque
582 1390 623 1450 sit
645 1393 763 1452 verior.

267 1468 426 1543 Quaeritur
461 1485 540 1545 ergo
572 1470 606 1530 in
635 1470 792 1547 praesenti
821 1486 976 1547 quaenam
1007 1469 1049 1528 sit
1083 1464 1229 1543 perfectio

228 1546 337 1609 divina
359 1564 434 1626 quae
456 1549 570 1610 haberi
592 1552 695 1625 possit
716 1555 753 1611 ut
772 1547 920 1613 formale„
930 1549 1034 1627 ipsius
1055 1548 1115 1607 Dei
1150 1563 1230 1607 cons-

228 1628 401 1700 titutivum,
424 1645 546 1704 nempe
569 1632 724 1707 tanquam
746 1630 870 1711 gradus
883 1626 1132 1707 metaphysicus
1149 1641 1230 1686 cons-

229 1708 377 1770 titutivus
399 1707 518 1769 divinae
541 1710 700 1771 essentie.

269 1789 340 1849 355.
363 1790 404 1849 At
425 1789 478 1850 hic
498 1792 533 1850 in
564 1792 757 1850 memoriam
786 1788 1013 1850 revocandum
1045 1790 1095 1849 est
1126 1799 1229 1845 essen·

227 1868 306 1928 tiam
326 1869 361 1927 in
384 1870 543 1929 creaturis
558 1869 727 1945 tripliciter
746 1870 944 1931 considerari
961 1881 1073 1946 posse,
1089 1865 1230 1925 nimimm

231 1948 259 2007 1⁰
281 1952 380 2023 prout
401 1951 451 2008 est
472 1965 490 2009 a
512 1952 605 2025 parte
627 1951 676 2011 rei
700 1969 707 2009 ε
732 1954 798 2009 tum
831 1954 886 2010 est
913 1949 1106 2023 complexus
1126 1958 1229 2005 eorum

227 2029 347 2104 quibus
370 2029 575 2089 constituitur
595 2046 649 2089 res
679 2030 789 2105 aliqua
823 2026 1003 2098 individua,
1035 2043 1075 2087 ac
1101 2021 1229 2101 proinde

227 2106 348 2183 quibus
369 2108 484 2184 positis
503 2109 571 2169 ltaec
584 2125 637 2168 res
656 2110 708 2179 sit,
733 2112 898 2169 eteorum
919 2108 1029 2187 aliquo
1054 2104 1228 2171 deficiente,

225 2187 386 2248 nonsit:
411 2193 462 2248 est
493 2204 572 2266 ergo
595 2190 748 2263 ipsares
779 2188 960 2259 individua,
990 2186 1130 2263 demptis
1155 2182 1227 2243 acci-

227 2266 424 2327 dentalibus.
458 2269 534 2327 llaec
561 2268 717 2334 essentia,
753 2284 829 2345 quae
865 2268 1004 2329 sumitur
1029 2283 1092 2343 per
1112 2261 1229 2339 opposi-

227 2349 353 2407 tionem
387 2346 430 2408 ad
470 2346 664 2418 accidentia,
705 2348 903 2426 plerumque
944 2354 1079 2411 vocatur
1111 2342 1230 2419 popstco

225 2424 311 2504 (277)
343 2431 376 2487 et
398 2433 448 2487 est
468 2430 601 2504 proprie
623 2426 806 2489 substantia
828 2431 943 2505 prima.
967 2430 999 2489 2⁰
1019 2424 1168 2487 Essentia
1192 2424 1229 2482 sio

228 2506 327 2567 etiam
362 2511 472 2583 potest
507 2507 634 2584 conoipi
668 2507 702 2567 in
739 2511 870 2583 creatis,
907 2512 1071 2585 quatenus
1107 2502 1228 2566 nomine

228 2586 377 2647 essentiae
402 2586 492 2647 venit
524 2588 715 2664 complexus
738 2604 853 2648 eorum
888 2588 1036 2649 omnium
1068 2599 1142 2663 quae
1165 2585 1229 2642 sunt

227 2667 414 2727 necessario
438 2669 622 2726 communic
641 2667 778 2741 stupetis
797 2668 947 2743 subjectis
978 2665 1131 2746 ejusdem
1152 2660 1226 2724 ordi·

225 2746 294 2812 nis;
333 2750 383 2806 est
412 2748 525 2823 itaque
555 2746 699 2824 essentia
728 2748 891 2808 obstructa
920 2748 960 2807 ab
982 2744 1169 2809 individuis,
1199 2758 1229 2801 ac

225 2825 366 2899 proinde
388 2828 527 2902 praecisa
547 2825 588 2885 ab
611 2825 869 2888 accidentalibus
892 2830 925 2887 et
938 2830 1022 2889 notis
1036 2824 1229 2889 individuan-

226 2903 324 2976 tibus
348 2904 409 2964 sed
433 2906 606 2965 constituta
627 2904 885 2983 perfectionibus
913 2907 1144 2967 essentialibus
1166 2916 1227 2980 quae

226 2987 304 3043 sunt
326 2985 358 3042 in
380 2983 638 3045 individuis..Ad
659 2988 951 3063 aequivocationem
972 2986 1162 3054 tollendam,
1185 2980 1229 3041 ad·

225 3063 410 3123 notandum
435 3066 589 3126 osthane
612 3066 792 3126 essentiam
813 3083 832 3127 a
854 3066 1054 3143 quibusdam
1085 3063 1230 3141 appellari

226 3142 326 3203 etiam
336 3144 519 3224 physicam,
536 3146 577 3205 ab
594 3145 664 3205 aliis
677 3159 755 3205 vero
771 3151 805 3207 et
820 3149 1035 3215 communius,
1051 3142 1229 3221 metaphysi-

227 3238 321 3305 com,
343 3223 419 3284 ideo
452 3226 530 3302 quia
554 3231 603 3284 est
624 3225 769 3285 essentia
791 3226 964 3287 abstracta.

265 3302 385 3363 Verum
407 3305 439 3365 3ο
458 3305 504 3364 sio
525 3305 673 3380 pressius
696 3303 837 3366 describi
859 3305 961 3367 debet
984 3306 1129 3367 essentia
1143 3306 1229 3364 meta-

224 3380 363 3460 physica
403 3388 566 3461 quatenus
600 3383 740 3445 sumitur
786 3401 845 3462 pro
887 3385 995 3465 gradu
1037 3382 1230 3450 constitutivo

227 3458 343 3522 divinae
371 3463 525 3522 essentiae
550 3482 557 3521 :
589 3464 622 3524 in
648 3463 702 3523 illa
724 3464 878 3537 essentia,
903 3464 1050 3527 secundo
1072 3466 1147 3525 loco
1170 3464 1229 3545 des·

227 3542 342 3617 cripta,
366 3539 570 3621 distinguere
592 3546 724 3620 oportet
746 3548 839 3604 notas
863 3561 938 3622 quae
960 3545 1104 3621 reliquas
1126 3554 1230 3604 omnes

42 3651 121 3704 m
225 3619 319 3680 inse
341 3620 450 3698 aliquo
472 3620 571 3681 modo
595 3622 880 3699 comprehendere
901 3625 1148 3703 intelliguntur3
1169 3623 1230 3711 istae
