2642 4209
278 242 475 287 uararnrsrca
498 239 643 285 senua-us
659 258 698 267 -
711 239 927 286 rsrcaonocra.
1073 219 1110 279 71

85 356 186 417 tatur
211 356 371 429 voluntas,
397 361 500 435 patet.
520 356 663 417 animam
693 372 712 417 a
747 370 885 434 corpore
915 353 1112 414 intrinsecus

84 446 165 493 non
185 435 346 509 pendere.

130 512 167 573 3⁰
189 514 376 575 Dominium
400 515 514 576 anima
539 516 573 575 in
594 531 671 575 suas
692 514 903 594 operationes
924 510 1109 572 necessario

85 591 253 654 subaudit
274 593 618 656 indeterminationem
641 594 836 672 quamdam;
859 589 999 652 facultas
1022 591 1111 649 enim

85 668 136 729 ad
158 688 265 733 unum
288 674 504 735 determinata
527 677 583 734 aut
604 676 755 751 subjecta
777 672 915 734 motioni
940 671 1110 748 agentium

87 754 309 813 externorum
332 759 420 813 certo
443 770 510 814 non
533 758 584 814 est
603 754 717 813 libera.
734 754 832 830 Atqui
851 752 990 812 facultas
1012 764 1111 826 orga-

87 828 169 890 nica
195 838 382 893 necessario
414 832 653 895 determinatur
683 832 725 893 ad
757 839 867 893 actum
900 848 959 908 per
989 827 1111 908 objecti

86 912 314 984 praesentiam,
338 916 438 989 atque
467 916 553 973 inter
582 913 709 973 bonum
739 913 894 974 sensibile
927 913 958 970 el
984 908 1110 969 bonum

87 989 264 1066 spirituale
291 993 414 1069 eligere
441 995 567 1069 nequit.
592 994 677 1070 Ergo
705 991 844 1052 facultas
865 988 1020 1067 organica
1041 1003 1109 1048 non

88 1074 302 1143 potestesse
327 1070 519 1133 indifferens
550 1070 592 1134 ad
624 1070 794 1148 agendum
824 1085 934 1147 neque
965 1068 1109 1143 seipsam

88 1145 326 1211 determinare.
351 1152 473 1227 Ergo...

123 1224 180 1273 114.
198 1253 229 1264 -
249 1227 438 1277 Corollarium.
457 1229 552 1277 lterum
574 1226 734 1274 concluditur
752 1226 838 1274 salsam
856 1229 882 1273 et
900 1224 1036 1274 absurdam
1054 1238 1109 1273 esse

86 1286 268 1348 opinationem
283 1288 505 1337 materialistarum
524 1288 555 1335 de
574 1288 666 1351 Tracy,
680 1289 704 1336 la
725 1286 836 1347 Mettrie‚
850 1284 999 1345 d'Holbach‚
1014 1285 1108 1333 Malos·

88 1348 172 1403 ehott.
193 1350 440 1415 Herbert-Spencer,
455 1357 514 1409 ete,
535 1348 577 1411 qai
598 1350 709 1397 animam
729 1355 851 1413 tanquam
869 1351 1106 1418 temperamentum,

86 1409 240 1472 qualitatem
254 1418 298 1460 aul
312 1417 409 1475 partem
419 1411 497 1476 ipsius
510 1410 625 1475 corperis
639 1412 776 1472 habebant,
791 1416 817 1461 et
829 1410 957 1475 speciatim
972 1422 1108 1457 erroneum

86 1485 146 1521 esse
159 1472 369 1521 materialismum
383 1473 554 1535 dynamicum.
570 1477 618 1520 etc.

102 1592 108 1601 Ι
122 1532 179 1582 115.
194 1562 225 1571 -
241 1536 385 1585 Schotium.
402 1537 512 1585 Tantum
528 1536 599 1582 abest
618 1540 646 1583 ut
664 1533 770 1583 materia
791 1533 824 1582 sit
843 1532 993 1598 principium
1009 1529 1108 1594 cogita-

87 1594 249 1659 tronisquod
264 1597 421 1645 econtrario
440 1594 593 1645 intrinsecus
609 1601 734 1659 repugnet
751 1611 854 1659 prorsus
873 1593 1007 1643 materiam
1026 1592 1109 1641 facul-

88 1659 144 1705 tate
159 1656 316 1721 intelligendi
330 1658 426 1707 ornari.
442 1659 469 1707 Id
484 1656 550 1705 enim
562 1658 615 1721 jam
630 1658 757 1706 cumulate
773 1659 908 1721 probatum
923 1655 971 1705 luit
986 1656 1026 1715 (ll,
1043 1654 1106 1725 113).

89 1716 191 1787 Verum
207 1719 236 1767 id
255 1718 330 1767 etiam
350 1720 447 1769 directe
465 1718 563 1768 adstrui
586 1724 669 1781 potest
691 1734 737 1781 per
762 1719 956 1781 applicationem
980 1720 1108 1779 sequentia

88 1780 211 1843 principii
227 1781 424 1842 :proprietates
437 1795 496 1843 quoe
511 1796 538 1829 se
552 1788 644 1829 mutuo
663 1782 819 1836 excludunt,
834 1781 865 1828 in
883 1781 973 1828 eodem
990 1778 1107 1838 subjecto

89 1840 175 1891 simul
187 1844 331 1891 amplctere
343 1852 495 1904 nequedum
508 1860 532 1890 v.
548 1856 601 1911 gr..
617 1841 714 1905 aliquid
728 1854 780 1890 non
793 1845 876 1904 potest
889 1856 944 1889 esse
958 1839 1033 1887 simul
1047 1854 1108 1908 qua·

90 1900 194 1952 dratum
206 1908 232 1951 et
246 1902 392 1952 rotundum.
409 1902 486 1967 Atqui
500 1902 663 1966 cogitationis
677 1902 829 1966 principium
843 1907 869 1951 et
883 1902 989 1951 materia
998 1902 1106 1950 attribu·

90 1963 125 2013 tis
142 1964 251 2014 invicem
268 1966 439 2028 pugnantibus
453 1969 580 2022 constant,
591 1980 650 2013 nam
676 1966 700 2013 1⁰
718 1964 871 2028 principium
888 1962 1050 2027 cogitationis
1068 1965 1108 2010 est

89 2027 203 2075 activum
221 2026 282 2073 dum
299 2031 353 2075 mat
362 2028 406 2077 ria
425 2033 463 2075 est
481 2026 562 2083 iners;
582 2027 608 2074 2ῠ
629 2026 736 2075 materia
754 2031 793 2075 est
807 2030 912 2075 extensa
925 2030 951 2074 et
965 2023 1106 2086 multiplex,

88 2086 296 2152 impenetrabdis,
306 2087 447 2145 divisibilis,
458 2092 517 2139 etc..
527 2090 587 2135 dum
598 2087 751 2151 principium
764 2087 924 2151 cogitationis
940 2090 979 2135 est
994 2099 1071 2132 unum
1081 2088 1107 2132 et
1120 2132 1122 2136 .

88 2147 204 2219 simplex,
219 2150 392 2221 commeabile,
407 2150 567 2206 indivisibile,
582 2156 631 2199 etc.
650 2150 719 2213 Ergo
737 2164 814 2211 quum
831 2148 1001 2258 proprietates
1019 2157 1107 2194 essen-

88 2211 164 2259 tiales
176 2215 338 2275 cogrtatroms
360 2218 386 2260 et
408 2211 522 2259 materiae
545 2212 595 2259 sint
619 2214 725 2259 omnino
740 2216 830 2259 contra
848 2210 955 2267 ictoriae,
970 2213 1041 2273 patet
1056 2223 1106 2272 pu-

90 2276 211 2337 gnantem
224 2288 279 2321 esse
292 2272 435 2323 doctrinam
449 2272 672 2323 materialistarum
686 2273 730 2334 (l).

459 2389 674 2451 ARTICULUS
697 2390 733 2449 ll.

241 2516 287 2573 lle
309 2514 422 2573 animo
438 2479 540 2573 relata
564 2514 609 2573 ad
632 2514 778 2587 corporis
800 2517 953 2587 spectato.

133 2646 202 2707 116.
226 2678 265 2723 -,
286 2644 400 2704 Anima
421 2644 576 2715 humana,
595 2645 691 2723 juxta
714 2644 887 2706 concilium
904 2645 1103 2715 viennense,

94 2730 145 2785 est
171 2723 278 2785 forma
310 2725 469 2799 corporis;
503 2730 706 2802 quapropter
735 2724 813 2784 licet
844 2724 885 2785 sit
915 2722 1103 2799 spiritualis

94 2809 200 2865 tamen
222 2804 283 2879 ipsi
307 2806 434 2878 corpori
455 2803 566 2863 unitur
591 2808 747 2881 tanquam
778 2803 851 2879 ejus
881 2800 987 2863 forma
1011 2800 1104 2861 subs·

95 2884 252 2953 tantialis;
269 2887 302 2943 et
317 2881 448 2952 exinde,
466 2884 537 2955 jam
559 2883 673 2945 animae
695 2883 878 2945 substantia
897 2884 932 2943 in
952 2898 989 2942 se
1011 2882 1104 2940 abso-

92 2965 159 3023 lute
181 2963 341 3022 hactenus
363 2966 548 3037 perspecta,
573 2966 706 3038 oportet
726 2968 763 3021 ut
784 2964 926 3021 animam
948 2961 1101 3035 inspicia-

92 3057 164 3101 mus
185 3045 219 3103 in
241 3039 355 3101 ordine
378 3040 420 3101 ad
441 3040 521 3102 illud
537 3057 656 3119 corpus
674 3040 763 3119 quod
778 3040 941 3112 informat,
960 3045 994 3101 et
1009 3041 1104 3119 cujus

95 3120 144 3182 'est
164 3128 257 3182 actus
277 3120 402 3196 primus
424 3118 473 3194 (ll,
497 3119 558 3196 59).

131 3202 201 3273 lam
228 3216 269 3259 ex
296 3199 391 3259 dictis
418 3198 459 3259 de
486 3198 742 3260 natura'animae
769 3200 906 3260 resultat
934 3200 1104 3260 luccesse

95 3298 115 3341 a
136 3296 270 3355 corpore
295 3280 493 3349 distinctam,-
507 3278 723 3355 quamobrem
744 3278 813 3339 hacc
835 3280 894 3339 tria
915 3281 949 3339 in
970 3278 1033 3338 lroc
1055 3293 1104 3337 ar-

96 3360 190 3420 ticulo
224 3376 242 3419 a
272 3358 367 3419 nobis
399 3357 638 3432 consideranda
670 3363 855 3427 remanent,
889 3358 1042 3418 nimirum
1075 3359 1105 3417 1⁰

94 3446 200 3501 utrum
222 3436 330 3497 anima
351 3438 391 3497 sit
411 3454 479 3499 una
500 3438 552 3499 vel
574 3438 745 3514 multiplea
765 3438 799 3499 in
823 3452 961 3513 corpore
984 3438 1099 3497 huma-

97 3567 236 3681 &impes
249 3580 312 3632 opus
323 3564 398 3617 Carti.
413 3564 521 3617 Gerdilii
536 3582 542 3617 :
557 3566 637 3615 Delio
649 3567 859 3617 immaterialiter
872 3566 1031 3615 detl'eoima
1045 3581 1105 3615 con-
