2642 4209
288 276 485 321 uurrnrrsrot
507 277 663 322 sodomis,
681 294 718 303 —
736 278 934 345 cosnotoom.
1086 260 1119 323 ll

142 385 272 477 Creatio
287 387 321 451 lit
336 390 370 449 in
384 387 568 453 indivisibili
583 397 765 462 momento,
783 392 873 471 quod
894 407 1029 454 omnem
1043 408 1118 453 suo·

98 480 289 557 cessionem
305 470 464 541 excludit;
481 489 547 533 non
561 470 597 532 fit
610 473 643 533 in
666 477 826 549 tempore,
842 472 920 533 licet
934 472 977 533 sit
990 473 1114 548 princi·

101 561 196 621 prum
212 551 385 623 temporis;
404 552 526 614 creatio
548 553 636 612 enim
654 568 723 613 non
749 557 799 613 est
820 554 970 623 mutatio,
995 567 1066 628 quae
1089 554 1124 614 in

101 624 226 685 eodem
243 628 395 706 subjecto
416 636 537 691 statum
556 630 711 708 previum
736 648 871 707 semper
894 631 1061 692 subaudit.
1088 632 1124 693 ln

102 706 287 768 mutatione
305 707 363 769 tria
378 710 605 785 inveniuntur;
620 712 779 773 terminus
791 713 835 771 ad
845 726 950 787 quem,
966 713 1124 773 terminus

103 801 124 844 o
137 801 213 860 quo,
227 789 406 862 subjectum
417 811 426 849 :
436 790 502 851 heo
519 789 584 853 duo
599 792 714 851 ultima
730 789 887 852 deficiunt
899 791 933 851 in
943 790 1123 853 creatione.

148 866 197 925 l5.
214 901 252 911 -
268 866 393 929 Creatio
408 871 494 930 sumi
507 875 618 946 potest
632 869 790 942 bifariam,
812 872 914 929 active
939 870 1066 931 scilieet
1088 874 1123 931 et

97 945 241 1019 passive,
258 962 318 1007 seu
341 950 461 1011 creatio
484 950 545 1010 alia
562 955 612 1010 εει
626 954 743 1020 activa,
760 955 794 1011 et
808 949 870 1009 alia
884 950 1024 1024 passiva.

145 1022 275 1086 creatio
293 1031 400 1089 actico
422 1044 461 1089 εε
484 1034 535 1089 εει
550 1046 620 1106 quae
636 1030 788 1105 producit
807 1028 931 1107 aliquid
946 1044 988 1089 ex
1002 1028 1118 1101 nihilo;

104 1107 158 1163 est
174 1104 244 1164 sola
260 1107 318 1167 ltei
334 1109 445 1169 volitio
462 1108 588 1179 efficax,
606 1125 671 1185 qua
693 1110 762 1171 vult
780 1110 863 1169 hane
880 1124 920 1168 ex
934 1108 1034 1168 nihilo
1049 1106 1122 1168 fieri

105 1187 292 1244 creaturam
315 1202 384 1263 quae
405 1193 500 1248 antea
519 1204 586 1249 non
609 1193 690 1251 erat.
716 1190 849 1265 Proprie
875 1203 955 1265 ergo
980 1191 1122 1248 nonest

103 1264 190 1324 actio
205 1261 385 1328 formaliter
400 1269 574 1337 transiens,
590 1284 667 1331 nam
692 1269 781 1329 nulla
803 1268 888 1328 actio
913 1266 1022 1328 divina
1043 1282 1120 1342 pro·

103 1343 177 1417 prie
200 1346 361 1405 transiens
377 1351 441 1419 est3
466 1347 527 1407 sed
542 1348 749 1409 solummodo
769 1347 895 1407 ratione
916 1347 1047 1407 termini
1061 1362 1123 1407 seu

102 1421 257 1493 effectus
275 1426 332 1500 qui
352 1424 388 1486 fit
408 1431 499 1487 extra
522 1429 639 1497 Deum,
656 1431 868 1502 nuncupatur
884 1427 1048 1487 transiens
1063 1424 1120 1503 (a).

144 1500 272 1565 Creatio
281 1507 413 1579 passivo
428 1523 468 1567 ea
484 1511 534 1567 est
549 1524 619 1584 que
631 1508 833 1568 extrinsecus
846 1505 1121 1583 terminathujus·

103 1578 196 1640 modi
210 1585 462 1657 productionem
472 1590 518 1646 'ex
532 1588 644 1658 nihilo,
670 1603 731 1647 seu
746 1591 798 1646 εει
810 1586 952 1661 ιρεεειει
968 1590 1122 1646 creatura

102 1674 146 1720 ex
169 1662 267 1723 nihilo
291 1663 450 1739 producta
466 1682 503 1726 εε
519 1667 714 1727 relationem
736 1666 861 1726 realem
889 1663 1121 1742 dependentia

105 1739 148 1800 ad
164 1742 271 1801 Deum
287 1751 468 1805 creatorem
484 1745 609 1805 dicens.

142 1819 317 1881 Productio
332 1822 430 1901 igitur
445 1829 611 1897 creature,
635 1828 734 1901 prout
755 1823 888 1900 respicit
902 1825 1008 1884 Deum
1024 1838 1118 1883 crea·

103 1902 225 1970 torem,
242 1900 360 1963 dicitur
380 1908 501 1965 creatio
522 1906 642 1973 activa;
669 1910 766 1980 prout
787 1920 865 1964 vero
891 1901 1120 1963 consideratur

101 1979 328 2054 perordinem
344 1982 386 2043 ad
400 1983 506 2059 ipsam
521 2000 591 2044 rem
608 1990 764 2056 creatam,
781 1982 898 2043 dicitur
913 1982 1053 2059 passiva.

148 2059 195 2120 16.
222 2094 260 2103 -
285 2062 364 2123 Ηιεε
389 2064 509 2123 creatio
540 2068 589 2124 est
613 2064 729 2124 relatio
753 2064 870 2133 minim
898 2064 1003 2123 activa
1032 2060 1121 2122 enim

102 2140 227 2199 creatio
243 2156 309 2200 non
326 2146 376 2201 est
390 2141 512 2220 aliquid
527 2143 616 2204 reale
634 2144 668 2202 in
683 2144 765 2215 Deo,
781 2141 948 2220 siquidem
968 2141 1010 2201 ad
1026 2156 1121 2201 erea-

103 2221 211 2279 turam
225 2221 358 2281 realiter
378 2237 444 2282 non
463 2220 605 2283 refertur
628 2224 728 2292 Deus,
755 2224 811 2299 qui
836 2223 926 2282 nullo
951 2225 1048 2297 pacto
1072 2219 1122 2279 rei

101 2303 219 2359 creatae
234 2299 393 2362 obnoxius
409 2316 484 2363 esse
502 2307 607 2376 potest
624 2323 630 2363 :
648 2318 717 2362 non
736 2301 860 2379 aliquid
879 2316 1001 2362 novum
1023 2298 1059 2360 fit
1079 2300 1113 2360 in

101 2376 186 2448 Deo,
200 2378 280 2439 dum
296 2380 469 2441 existentia
484 2388 624 2442 creatur.
641 2384 775 2454 Verum,
793 2396 834 2441 ex
850 2384 943 2455 parte
955 2386 1120 2451 creature,

101 2458 218 2519 relatio
236 2458 277 2518 ad
293 2466 473 2521 creatorem
489 2463 585 2523 realis
602 2466 663 2532 est,
680 2478 757 2522 nam
778 2459 941 2538 quidquid
961 2458 1120 2519 realitatis

102 2538 200 2598 estin
214 2540 284 2613 ipsa
300 2556 336 2601 re
352 2540 482 2610 effecta,
500 2541 579 2601 dicit
590 2540 878 2603 ordinemrealem
889 2538 1121 2616 dependentia

102 2632 199 2677 a'suo
216 2619 388 2696 principio.
866 2652 872 2658 -

104 2744 154 2807 17.
171 2779 210 2789 —
221 2746 329 2807 Tussis
345 2746 367 2807 l.
385 2750 468 2807 Deus
482 2762 596 2809 oreore
605 2751 721 2822 potest.

144 2876 240 2937 Proh.
261 2878 349 2939 Deus
370 2878 581 2958 estprimum
606 2892 683 2947 ens;
712 2891 791 2954 ergo
819 2880 852 2935 et
875 2874 1016 2951 primum
1049 2872 1119 2935 effi·

101 2954 205 3016 ciens,
222 2958 320 3034 Atqui
335 2958 361 3017 si
377 2960 476 3029 Deua,
492 2958 555 3018 nisi
575 2956 637 3017 alio
657 2959 885 3025 concurrente,
912 2970 980 3015 non
1004 2956 1120 3029 posset

101 3034 227 3111 aliquid
248 3036 446 3113 producere,
464 3053 525 3097 seu
541 3051 665 3103 creare,
683 3037 755 3113 jam
775 3049 842 3095 non
864 3037 954 3095 esset
977 3034 1120 3108 primum

101 3110 260 3176 efficiens.
282 3117 365 3195 drgo
382 3120 492 3195 potest
508 3115 694 3192 producere
710 3113 834 3191 aliquid
857 3130 899 3174 ex
919 3113 1032 3184 nihilo,
1058 3126 1121 3173 seu

104 3208 231 3255 creare.

144 3274 376 3349 consternatur.
404 3275 436 3335 Si
466 3275 553 3335 enim
577 3274 804 3351 requireretur
831 3271 931 3340 aliud,
962 3286 1030 3347 quo
1058 3269 1120 3331 nisi

102 3352 284 3424 mediante,
299 3354 388 3415 Deus
403 3352 527 3431 aliquid
544 3367 609 3413 non
625 3350 838 3429 produceret,
852 3350 935 3410 illud
959 3349 1119 3428 adjuvans

103 3433 157 3492 vel
174 3436 296 3494 esseta
316 3436 383 3494 ι)εο
400 3434 595 3511 productum
617 3432 670 3494 vel
685 3447 751 3491 non
769 3450 775 3491 :
793 3433 821 3491 si
845 3444 924 3499 non,
944 3429 1014 3508 jam
1037 3427 1123 3491 foret

103 3527 163 3572 ens
179 3528 197 3573 a
213 3528 261 3585 se,
277 3512 510 3591 independens
526 3516 559 3573 et
573 3526 666 3590 aeque
682 3511 824 3587 primum
839 3508 987 3571 efficiens
999 3509 1120 3585 acipse

130 3658 173 3723 ,(α)
182 3658 221 3711 (ιι.
237 3660 264 3711 S.
275 3659 366 3710 Thom.
382 3674 408 3724 p.
420 3660 431 3709 l
444 3674 470 3723 q.
484 3660 515 3709 te
527 3674 552 3710 a.
566 3657 582 3708 2
598 3656 631 3706 ad
644 3655 675 3718 33
689 3657 791 3707 Contra
799 3664 889 3721 pentes
901 3655 945 3706 lib.
958 3654 983 3704 11
996 3671 1019 3704 c.
1034 3652 1075 3704 19.
