2642 4209
239 264 300 326 242
557 281 736 325 onrvnnrun
758 280 955 347 ruinosornnn

244 395 438 459 allectionis,
459 397 525 457 Hoc
546 392 723 455 intercedit
740 392 918 456 discrimen
939 395 1026 456 inter
1046 396 1264 457 intellectum

245 482 278 540 et
299 476 569 548 intellectionem,
594 474 685 551 quod
713 472 766 534 ille
799 475 839 535 eit
871 480 960 536 actus
976 478 1109 551 primos
1139 475 1262 535 intelli-

243 557 358 637 gendi,
382 556 459 634 quia
481 559 530 616 est
551 554 655 631 prima
686 555 767 619 ratio
802 570 860 614 cur
880 554 1061 615 substantia
1084 556 1263 632 spiritualis

244 640 287 698 sit
309 652 413 713 capax
433 633 655 713 intelligendi;
679 634 859 695 intellectio
883 640 993 697 autem
1020 638 1071 695 est
1102 641 1194 696 actus
1215 652 1263 694 se-

245 719 378 789 cundus,
402 731 463 777 seu
492 717 634 792 ipsamet
664 712 824 790 operati0,
850 715 925 791 quia
957 718 1088 775 emanat
1119 716 1160 775 ab
1189 721 1263 773 actu

267 814 360 857 rimo.

243 816 265 945 ,p
286 874 352 936 Sed
372 874 406 935 in
427 875 495 935 Deo
517 874 704 933 intellectus
727 876 760 933 et
782 874 856 949 ipsa
877 871 1055 935 intellectio
1082 878 1159 933 sunt
1193 888 1260 931 orn-

245 958 322 1017 nino
344 970 444 1014 unum
476 960 508 1013 et
539 952 638 1026 idem,
663 952 806 1029 ideoque
828 969 943 1013 revera
965 969 1031 1015 non
1054 952 1149 1013 datur
1171 957 1261 1013 actus

245 1038 371 1113 primus
393 1038 427 1093 et
448 1038 539 1093 actus
560 1030 739 1105 secundus,
758 1034 881 1110 quippe
902 1048 974 1093 cum
995 1034 1085 1093 Deus
1108 1034 1149 1092 sit
1171 1036 1260 1092 actus

245 1114 451 1193 purissimus.
476 1113 699 1187 Quamobrem
719 1114 753 1172 in
773 1114 835 1173 bac
859 1111 1079 1189 disputatione
1094 1111 1259 1192 agendum

247 1200 298 1257 est
317 1193 414 1253 unice
438 1191 479 1252 de
500 1193 642 1253 scientia
657 1192 728 1253 Dei.
753 1194 755 1199 ’
952 1268 955 1273 ¹

286 1275 332 1334 Ex
363 1272 488 1334 infinita
518 1273 667 1333 essentiae
701 1272 813 1333 divine
839 1270 1041 1348 perfectione
1073 1275 1107 1332 et
1137 1288 1258 1333 summa

246 1354 321 1434 ejus
342 1352 547 1430 simplicitate
570 1356 698 1412 constat
719 1353 825 1413 Deum
846 1350 969 1412 infinita
990 1351 1161 1428 praeditum
1191 1367 1258 1411 esse

247 1434 396 1504 scientia,
421 1437 455 1492 et
474 1433 559 1492 banc
581 1433 749 1492 scientiam
773 1448 840 1492 non
863 1447 936 1492 esse
957 1432 1136 1493 intrinsece
1157 1432 1257 1491 multi-

247 1515 369 1591 plicem
390 1519 447 1573 aut
466 1512 660 1572 mutabilem
684 1531 690 1572 :
715 1512 812 1572 unico
843 1526 989 1587 namque
1021 1516 1055 1571 et
1083 1512 1257 1573 invariabili

248 1597 324 1655 actu
345 1592 552 1669 cognitionis,
576 1592 665 1651 Deus
687 1595 805 1652 cuncta
825 1592 977 1667 percipit.
995 1590 1137 1652 Scientia
1157 1592 1214 1651 Dei
1229 1592 1257 1649 to

222 1717 224 1720 .
247 1690 280 1733 se
302 1676 353 1733 est
373 1673 444 1748 ipsa
466 1670 575 1732 divina
596 1672 739 1731 essentia
759 1672 820 1732 sub
842 1671 969 1733 ratione
985 1668 1101 1733 infiniti
1115 1671 1256 1731 actusin·

248 1750 451 1813 tellectualis.
475 1752 556 1811 Tota
578 1766 657 1829 ergo
681 1752 821 1811 varietas
842 1752 983 1811 scientiae
1007 1750 1121 1812 divina
1148 1752 1181 1811 ln
1210 1750 1253 1811 di-

247 1847 360 1892 versas
382 1831 454 1909 ejus
477 1830 724 1892 terminationes
746 1829 953 1891 refundenda
975 1834 1036 1903 est,
1061 1847 1123 1893 seu
1153 1847 1192 1891 ex
1211 1830 1255 1891 di-

248 1910 351 1974 versis
375 1911 519 1972 terminis
542 1910 598 1988 qui
619 1911 649 1969 ei
671 1911 820 1984 subsunt,
843 1910 941 1971 venit.
966 1910 1035 1971 Haec
1058 1916 1171 1971 autem
1195 1911 1253 1971 dis·

249 1989 359 2052 tinctio
383 1994 433 2050 est
453 1988 548 2050 nobis
569 1992 755 2051 necessaria
778 1989 826 2069 (ll,
850 1990 921 2062 364,
942 1987 1025 2069 365).

290 2070 360 2129 402.
390 2103 429 2113 —-
457 2073 503 2129 Dc
532 2070 654 2144 objecto
683 2074 821 2131 scicntia
854 2073 980 2131 divinae.
1012 2072 1048 2131 ln
1080 2070 1255 2149 cognitione

250 2152 410 2224 increata,
442 2148 525 2208 sicut
553 2149 586 2208 in
608 2153 729 2221 creata,
753 2148 876 2227 duplex
900 2150 1057 2226 distingui
1080 2154 1188 2227 potest
1208 2148 1257 2209 ob-

248 2231 387 2309 jectum.
414 2228 585 2289 materiate
609 2228 762 2290 videlicet
778 2236 811 2289 et
825 2230 966 2303 formate
985 2228 1081 2311 (142),
1101 2230 1200 2306 idque
1214 2229 1257 2288 vel

147 2387 149 2393 ,
248 2309 453 2386 primarium
477 2308 532 2369 vel
555 2312 794 2370 secundarium.
821 2310 1013 2370 Primarium
1037 2309 1157 2370 dicitur
1179 2307 1257 2385 quod

255 2389 464 2467 cognoscitur
488 2389 620 2464 praecise
648 2389 775 2449 ratione
805 2391 871 2463 sui;
900 2389 1133 2450 secundarium
1159 2392 1256 2448 autern

254 2467 344 2547 quod
375 2470 556 2544 percipitur
590 2472 717 2527 tanturn
756 2470 882 2530 ratione
918 2470 1134 2530 connexionis
1169 2483 1256 2547 quam

253 2550 353 2608 babet
368 2564 442 2607 cum
459 2548 533 2609 alio.

293 2627 455 2706 Distingui
469 2625 568 2689 etiam
583 2628 678 2698 solet,
696 2626 823 2705 utlaiibi
839 2628 990 2703 diximus
1012 2628 1182 2706 objectum
1199 2624 1254 2689 lor-

254 2710 340 2767 male
365 2709 530 2780 molivort,
554 2724 615 2767 seu
639 2708 711 2783 ipso
736 2710 817 2768 ratio
840 2724 989 2781 movenS,
1010 2725 1027 2769 a
1049 2708 1255 2775 termtoottoo,

255 2804 315 2847 seu
329 2786 456 2847 formali
473 2787 562 2864 quod
577 2788 631 2848 vel
643 2789 815 2849 materiali.
842 2838 844 2843 .

255 2940 326 3000 403,
352 2971 393 2981 -
415 2940 533 2998 Tarsis.
560 2939 582 2998 l.
610 2940 775 3013 objectum
801 2941 1001 3015 primarium
1029 2941 1256 3003 terminaticom

295 3020 433 3079 scicntia·
447 3020 508 3079 Det
520 3023 565 3079 est
580 3022 715 3079 essentia
730 3021 850 3083 divion.

295 3152 390 3211 Prob.
425 3150 601 3229 Objectum
628 3152 820 3226 primarium
849 3150 951 3213 debet
979 3166 1052 3212 esse
1084 3151 1113 3209 l⁰
1147 3164 1205 3227 per
1228 3163 1256 3208 se

252 3229 473 3308 intelligibile,
498 3233 529 3291 2⁰
552 3232 659 3308 prima
682 3232 764 3293 ratio
788 3250 845 3293 cur
865 3234 1085 3311 cognoscatur
1109 3226 1258 3307 quidquid

257 3312 478 3388 cognoscitur.
505 3312 602 3388 Atqui
617 3313 761 3373 essentia
777 3312 886 3374 divina
903 3314 931 3371 1ο
947 3316 997 3372 est
1009 3324 1069 3387 per
1093 3325 1129 3369 se
1153 3308 1256 3370 intelli·

255 3390 375 3467 gibilis,
391 3392 422 3449 2⁰
438 3394 488 3450 est
503 3392 602 3451 etiam
616 3390 721 3467 prima
737 3396 817 3452 ratio
840 3409 897 3452 cur
918 3392 1105 3453 intellectus
1130 3403 1255 3469 cognos-

224 3517 226 3523 ,
256 3473 309 3528 cat
338 3486 345 3525 :
377 3485 511 3544 perse,
538 3484 605 3529 non
631 3486 692 3545 per
721 3472 809 3532 aliud
836 3474 1056 3551 cognoscitur,
1080 3474 1114 3530 et
1135 3486 1173 3531 eo
1194 3470 1254 3545 ipso

254 3546 290 3607 fit
309 3548 501 3618 intellectio,
525 3547 614 3623 quod
635 3550 822 3611 intellectus
846 3552 949 3611 estin
976 3554 1051 3609 actu
1070 3549 1178 3627 ipsum
1203 3546 1252 3607 ob·

253 3626 382 3704 jectum
401 3626 617 3703 intelligibile,
640 3644 702 3689 seu
723 3630 793 3705 ipsa
817 3628 968 3691 essentia.
992 3630 1116 3709 Ergo...
