2642 4209
186 263 226 327 76
492 280 672 327 saeviamus
692 280 895 325 ritttosorutat

185 396 319 469 stantia;
343 392 440 455 homo
464 396 551 456 enim
574 400 625 457 est
646 412 747 456 onom
768 396 847 471 quid
866 403 1020 456 constans
1040 410 1109 454 non
1129 392 1203 454 solo

185 489 334 549 corpore,
359 475 655 546 000001000100,
679 471 740 535 sed
774 480 931 552 utroque;
955 472 1101 552 ideoque
1119 472 1202 533 unio

183 556 299 631 nequit
321 568 395 613 esse
418 553 632 616 accidentalis
655 558 793 627 tantum,
815 560 853 614 ui
874 552 1076 614 sufficienter
1101 568 1201 622 cons-

185 637 231 693 tat
253 648 294 693 ex
314 648 413 708 supra
437 632 540 695 dictisss
566 634 794 707 Quaestio'haeo
817 633 859 693 de
884 634 1078 694 commercio
1101 634 1204 692 animi

184 717 217 773 et
245 713 390 787 corporis
415 714 448 773 in
477 728 667 789 praesensa
695 714 789 776 nohis
814 711 931 775 sedulo
958 710 1204 773 consideranda

185 795 235 852 est

223 870 314 932 Circa
336 871 420 930 hanc
442 871 666 947 questionem,
695 874 896 940 recentiores
921 869 1096 946 prasertim
1125 870 1199 946 phi·

181 950 310 1027 losophi
330 951 363 1009 in
385 952 489 1012 varias
511 950 636 1011 abeunt
655 952 847 1019 sententias,
870 966 1005 1029 quarum
1024 952 1202 1026 praecipuar

182 1036 258 1089 sunt
278 1034 423 1108 systema
433 1046 603 1091 causarum
626 1031 890 1101 occasionaiium,
913 1036 1057 1107 systema
1071 1030 1201 1090 harmo-

87 1136 91 1144 -
182 1108 241 1169 nie
263 1109 478 1185 praestabilitae
501 1115 533 1170 et
554 1115 698 1188 systema
726 1108 867 1170 influxus
888 1110 1027 1186 physici.

222 1189 244 1247 1.
270 1192 417 1263 Spstemo
438 1204 615 1249 censorum
644 1190 906 1250 occosr‘onoliom.
929 1190 977 1250 De
998 1188 1063 1247 hoc
1090 1193 1200 1266 syste-

181 1271 279 1337 mate,
303 1266 392 1345 quod
408 1266 519 1327 adimit
533 1270 689 1329 unionem
710 1269 878 1347 physicam
900 1272 985 1330 inter
1004 1269 1143 1329 animam
1168 1274 1203 1327 et

181 1362 310 1423 corpus,
333 1348 399 1407 imo
420 1345 576 1407 influxum
598 1350 694 1408 unius
716 1349 944 1409 substantiam
967 1348 1061 1408 aliam
1084 1352 1200 1424 negat,

174 1424 246 1504 jam
289 1427 440 1501 superius
471 1426 594 1504 aliquid
625 1426 763 1488 diximus
795 1426 877 1506 (404,
908 1428 980 1499 405,
1001 1423 1085 1502 teo).
1109 1427 1202 1487 Deus

178 1505 280 1577 00100,
298 1506 391 1583 Juxta
414 1506 498 1566 hanc
519 1509 726 1581 sententiam,
750 1508 923 1569 occasione
953 1513 1100 1567 motuum
1124 1521 1200 1566 cor·

178 1584 267 1661 poris
289 1588 445 1647 excitaret
474 1585 667 1646 affectiones
694 1586 992 1663 correspondentes
1016 1588 1051 1645 in
1075 1584 1199 1657 animo,

180 1670 212 1725 et
231 1666 370 1726 vicissim
395 1684 401 1725 :
425 1664 501 1725 hino
527 1672 634 1725 motus
656 1667 753 1726 unius
781 1667 972 1727 substantiae
994 1669 1072 1726 0001
1092 1680 1200 1725 consae

179 1744 396 1805 occasioooies
417 1749 562 1804 motuum
594 1747 729 1807 alterius
750 1746 948 1807 substantie.
981 1743 1064 1805 iilud
1097 1745 1199 1805 etiarn

179 1821 295 1883 dicitur
317 1824 502 1885 assistentia
534 1830 693 1902 systema,
724 1824 800 1886 ideo
830 1823 907 1901 quia
937 1825 1045 1885 Deum
1073 1829 1110 1885 ut
1135 1822 1196 1884 ad·

178 1906 320 1963 stantem
342 1900 493 1964 omnibus
514 1903 681 1965 hominum
707 1904 955 1981 operationibus
977 1902 1130 1980 concipit.

219 1982 300 2042 iliud
322 1986 476 2061 systema,
500 1982 590 2059 quod
621 1982 702 2045 falso
733 1985 845 2045 nititur
865 1984 1038 2061 principie,
1062 1986 1113 2043 est
1135 1981 1198 2042 ab·

178 2059 326 2135 surdum,
367 2065 395 2123 1ο
432 2062 507 2141 quia
543 2062 706 2139 abrumpit
736 2072 857 2124 nexum
887 2064 1008 2123 reatem
1041 2062 1138 2122 animi
1161 2064 1198 2122 et

178 2141 335 2216 corporis,
367 2158 438 2219 quae
460 2140 598 2217 proinde
628 2158 732 2203 unam·
750 2160 817 2203 non
847 2145 1087 2204 constituerunt
1119 2140 1197 2202 suit·

177 2222 328 2281 stantiam
362 2237 424 2282 nec
455 2237 554 2281 unam
578 2227 725 2282 naturam
763 2223 942 2282 humanam
964 2219 1195 2297 compositam,

178 2314 242 2375 qua
285 2300 426 2371 sublata,
478 2301 692 2376 phaenomena
729 2303 917 2362 nullatenus
968 2301 1195 2377 explicantur:

176 2378 212 2437 2⁰
231 2380 309 2464 quia
322 2380 527 2441 conscientiae
540 2382 725 2441 testimonio
736 2387 913 2458 repugnat,
937 2396 1008 2457 que
1027 2384 1198 2441 asseverat

175 2458 334 2519 unitatem
372 2459 511 2521 hominis
546 2473 607 2518 seu
636 2460 739 2535 ipsius
772 2460 956 2536 compositi;
993 2457 1197 2520 conscientia

177 2538 263 2597 enim
299 2542 468 2600 renuntiat
500 2537 588 2598 idem
621 2554 696 2600 esse
728 2541 915 2620 subjectum
943 2538 1033 2617 quod
1059 2538 1194 2616 cogitat,

174 2616 408 2693 impressiones
446 2622 599 2678 externas
634 2619 762 2695 recipit,
799 2618 1011 2697 aegritudines
1045 2616 1194 2694 corporis

177 2699 354 2771 experitur.
378 2698 528 2774 Denique
551 2698 581 2757 3⁰
604 2714 704 2774 quum
727 2714 842 2759 omnes
864 2698 1010 2759 actiones
1025 2697 1122 2757 etiam
1138 2695 1196 2756 de·

176 2776 311 2837 terrimae
332 2778 365 2836 10
388 2779 493 2839 Deum
515 2779 619 2853 ipsum
641 2794 760 2854 reapse
782 2776 915 2852 refundi
936 2776 1112 2849 deberent,
1138 2790 1195 2852 pa-

177 2858 223 2915 101
245 2855 404 2917 absonam
428 2872 501 2919 esse
523 2858 608 2919 hanc
630 2858 826 2919 doctrinam.

215 2934 251 2994 11.
276 2940 425 3008 systema
452 2937 631 2999 harmoniae
654 2938 883 3012 praestantiae.
913 2934 1109 2995 Leibnitzius
1134 2949 1196 3010 per

173 3028 267 3074 suum
290 3018 433 3093 systema
454 3014 630 3077 harmoniae
651 3015 869 3091 praestabilitae
891 3017 1047 3076 unionem
1070 3013 1195 3075 realem

174 3092 285 3154 00100
308 3110 379 3154 000
403 3112 540 3173 corpore
562 3100 675 3173 negat.

198 3172 327 3233 00100
349 3179 384 3235 01
405 3192 524 3252 corpus
545 3177 710 3237 habentur
729 3174 777 3234 uti
802 3172 867 3234 duo
898 3172 1058 3248 principia
1080 3172 1195 3233 activi-

175 3253 260 3322 tatis,
295 3268 365 3329 quae
396 3270 542 3315 seorsum
573 3259 752 3332 operantur
783 3258 816 3315 et
838 3254 956 3314 seriem
987 3254 1200 3328 propriarum

173 3332 404 3407 operationum
426 3335 558 3397 eliciunt
581 3333 699 3396 eodem
722 3333 820 3410 plane
842 3332 941 3393 modo
957 3346 996 3392 00
1011 3330 1038 3391 01
1052 3331 1160 3392 alteru

172 3410 367 3486 principium
389 3429 457 3474 non
489 3417 654 3476 existeret.
680 3412 746 3473 Sed
772 3414 862 3473 Deus
894 3411 935 3472 ab
970 3415 1089 3470 aeterno
1112 3426 1195 3486 prae·

174 3491 267 3549 scivit
289 3504 403 3552 omnes
435 3496 644 3568 operationes
666 3492 839 3569 utriusque
861 3491 1060 3557 substantia,
1093 3495 1196 3567 atque

9 3550 79 3637 35³
172 3566 216 3626 ita
240 3570 376 3629 sociavit
409 3586 528 3648 corpus
551 3576 585 3632 et
617 3572 771 3639 animam,
793 3575 831 3631 ut
854 3574 961 3631 motus
991 3568 1090 3629 unius
1117 3569 1195 3630 sub-

9 3636 156 3801 &Q
173 3648 297 3708 stantiae
319 3662 450 3726 semper
469 3649 713 3727 responderent
732 3652 874 3713 motibus
895 3650 977 3712 alius
992 3648 1193 3710 substantie.
