2642 4209
26 3860 27 3863 Ἴ
43 3830 112 3856 ,ξω-3

195 236 234 299 78
502 255 680 299 nnnvtanruu
704 255 905 303 nititosotuum

194 369 285 431 Falsa
307 385 386 448 ergo
409 375 459 431 est
480 375 514 431 et
535 372 669 433 omnino
690 370 884 448 repellenda
913 370 1061 432 doctrina
1079 370 1150 452 hae
1171 370 1214 431 de

190 448 314 511 influxu
334 450 483 528 physico.

233 530 282 590 lV.
306 528 461 590 Nonnulli
491 529 674 607 philosophi
697 529 882 592 docuerunt
902 530 1041 589 animam
1072 530 1214 591 rationa-

190 607 258 668 lem
281 610 411 685 corpori
433 610 516 669 uniri
536 614 573 669 ut
593 615 754 669 motorem
776 608 896 670 mobii.
920 610 1005 669 Talis
1026 606 1087 669 fuit
1100 611 1213 685 opinio

190 686 342 761 Platonis,
366 691 423 765 qul
445 689 616 751 arbitratus
649 694 698 749 est
728 690 867 750 animam
895 690 1024 765 corpori
1054 704 1211 766 praeesse,

190 771 228 827 ut
248 775 347 828 nauta
370 770 446 828 navi
467 767 523 847 (o).

221 848 301 907 'Haec
324 847 466 923 opinatio
490 854 538 909 cst
560 844 714 916 absurda,
738 863 815 907 nam
837 847 974 908 destruit
995 847 1095 923 plane
1116 852 1210 908 natu·

190 942 261 987 ram
281 927 469 994 humanam,
493 942 563 1003 quae
586 943 652 987 non
670 926 739 1003 jam
771 934 958 994 remaneret
993 928 1209 1001 compositum

191 1004 356 1083 quoddam
379 1006 591 1066 substantiale
614 1022 655 1065 ex
677 1009 786 1066 anima
807 1011 840 1065 et
870 1022 1007 1082 corpore
1030 1008 1207 1067 resultans

192 1086 307 1145 Omnia
329 1088 413 1147 enim
435 1084 640 1145 incommoda
664 1088 849 1160 systematis
863 1085 1004 1146 influxus
1019 1088 1145 1164 physici
1161 1088 1210 1146 in·

190 1165 299 1235 volvit,
324 1166 443 1242 quihus
466 1165 528 1224 alia
549 1163 651 1225 addit.
676 1164 763 1225 ldem
786 1166 884 1241 plane
907 1164 1084 1225 dicendum
1102 1171 1150 1225 est
1165 1164 1209 1226 de

188 1243 244 1304 illo
266 1251 441 1322 systemate
469 1242 560 1319 quod
600 1244 775 1320 quamdam
808 1246 1022 1305 substantiam
1065 1243 1207 1305 mediam

188 1325 365 1384 introducit
386 1326 470 1383 inter
501 1340 618 1399 corpus
649 1329 682 1384 et
712 1326 864 1397 animam,
896 1327 974 1401 quia
1003 1328 1210 1400 repugnaret

189 1404 327 1465 animam
349 1401 535 1463 immediate
559 1402 688 1478 corpori
711 1404 879 1482 conjungi.
913 1406 984 1463 llaec
1009 1404 1205 1475 substantia,

189 1500 259 1561 quae
279 1483 419 1559 plastico
446 1488 590 1554 vocatur,
619 1498 686 1542 non
719 1487 769 1542 est
797 1498 906 1559 neque
938 1498 1022 1559 pure
1049 1498 1208 1557 corporea

188 1578 298 1637 neque
330 1578 412 1637 pure
438 1564 644 1637 incorporea,
670 1566 704 1644 et
724 1560 800 1623 ideo
817 1564 981 1638 aptissima
1003 1566 1051 1634 ut,
1077 1578 1119 1621 ex
1139 1579 1207 1623 una

187 1646 293 1719 parte,
316 1640 502 1703 immediate
524 1642 655 1701 uniatur
677 1643 806 1717 corpori
827 1650 860 1702 et
880 1644 1005 1713 anima,
1031 1645 1066 1702 et
1091 1657 1134 1702 ex
1155 1643 1207 1702 al-

188 1730 258 1782 tera
279 1722 371 1779 uniat
401 1720 543 1780 mediate
574 1737 694 1796 corpus
721 1738 793 1781 cum
816 1723 934 1781 anima.
967 1723 1034 1781 Hoc
1059 1728 1207 1800 systema

190 1802 381 1861 mediatoris
412 1799 545 1873 plastica·
578 1799 718 1861 destruit
745 1817 856 1861 veram
889 1816 927 1860 ac
957 1800 1206 1862 substantialem

188 1882 343 1940 unionem
377 1880 487 1940 animae
519 1883 553 1939 et
584 1882 741 1955 corporis,
766 1884 800 1939 et
820 1878 1036 1940 substantiam
1057 1877 1207 1941 fictitiam

187 1958 367 2022 introducit
390 1957 485 2035 quus
508 1962 648 2019 essentia
672 1959 930 2020 contradictoriis
952 1964 1129 2021 constaret.

513 2071 551 2120 De
566 2074 703 2133 systemate
719 2070 880 2119 scholastico.

219 2168 272 2217 123.
286 2194 317 2207 -
330 2168 407 2216 itata
419 2165 593 2227 scholasticos,
608 2167 693 2216 anima
706 2168 809 2231 corpori
824 2166 910 2216 unitur
922 2173 1045 2231 tanquam
1054 2166 1109 2231 ejus
1121 2166 1206 2216 forma

187 2229 360 2281 substantialis
372 2230 413 2291 (ll,
427 2229 476 2289 72).
489 2231 518 2277 ln
532 2230 579 2278 hac
593 2228 727 2288 sententia,
742 2230 842 2277 animus
858 2236 883 2278 et
895 2244 987 2293 corpus
1004 2228 1205 2278 substantialiter

186 2293 318 2351 uniuntur,
331 2290 367 2339 ita
382 2296 409 2339 ut
419 2307 449 2339 ex
466 2290 535 2339 hisce
547 2292 645 2340 duobus
659 2296 779 2354 exsurgat
796 2290 937 2340 substantia
958 2292 1092 2355 completa.
1106 2291 1207 2355 Corpus

185 2356 253 2405 enim
275 2368 321 2418 per
341 2369 368 2401 so
381 2357 421 2403 est
436 2353 578 2403 substantia
592 2351 747 2415 incompleta
760 2368 817 2415 quae
842 2368 892 2401 non
915 2354 991 2404 habet
1004 2368 1059 2401 esse
1081 2351 1204 2410 viventis3

186 2417 221 2467 ita
234 2416 318 2466 anima
334 2430 365 2463 ex
380 2430 405 2462 se
420 2430 471 2462 non
485 2414 562 2463 habet
575 2429 630 2470 esse
643 2416 806 2477 completum,
821 2414 867 2462 sed
880 2420 969 2478 sponte
983 2419 1083 2463 naturae
1110 2428 1205 2477 exspo-

185 2478 263 2528 stulat
276 2476 430 2527 consortium
444 2477 568 2539 corporis.
582 2477 749 2537 Quamobrem
764 2476 896 2538 utriusque
909 2475 969 2523 uuio
982 2482 1021 2524 est
1041 2476 1205 2524 substantia·

186 2540 220 2588 lis
236 2554 241 2589 :
257 2539 372 2603 corporis
384 2537 525 2587 substantia
537 2538 569 2587 ab
583 2537 669 2587 anima
686 2542 833 2601 penetratur
847 2543 873 2587 et
884 2539 1096 2601 repletur„atque
1104 2552 1135 2584 ex
1148 2536 1204 2600 ipsa

185 2602 265 2650 vitam
278 2602 377 2664 recipit.
986 2618 990 2632 ·

189 2702 298 2841 122-
316 2701 435 2839 Tatnsrs.
454 2702 601 2777 systema
615 2700 840 2761 scholasticam
849 2716 921 2776 prae
935 2700 1057 2760 caeteris
1078 2696 1202 2773 elipen-

248 2796 302 2839 um
324 2796 379 2841 es.

224 2896 317 2956 Noto.
342 2896 494 2956 Doctrina
514 2894 582 2955 haee
603 2895 715 2954 intime
738 2894 873 2954 coheret
898 2909 972 2953 cum
993 2889 1060 2952 fide
1087 2890 1201 2952 catho-

184 2973 259 3049 lica,
282 2979 318 3034 ut
340 2978 467 3035 constat
497 2990 536 3034 ex
568 2972 702 3035 decreto
724 2973 861 3033 concilii
886 2973 1082 3033 Viennensis
1104 2984 1203 3047 supe-

184 3054 251 3115 rius
275 3054 378 3115 relato
401 3054 451 3133 (ll,
483 3051 545 3129 73),
569 3052 659 3129 quod
690 3060 882 3115 renovatum
912 3051 973 3111 fuit
1007 3053 1040 3110 in
1063 3050 1202 3110 concillo

184 3131 394 3195 lateranensi
416 3134 476 3193 sub
499 3134 607 3192 Leone
629 3132 668 3203 X,
696 3134 730 3192 in
760 3132 894 3193 decreto
930 3134 1043 3193 contra
1065 3128 1204 3205 Pompo·

184 3214 315 3279 natium,
338 3217 438 3290 atque
459 3210 548 3271 haud
569 3212 612 3271 ita
635 3210 846 3289 pridemper
862 3214 986 3272 litteras
1004 3209 1205 3286 apostolicas

186 3290 385 3353 sanctissimi
406 3293 442 3351 D.
466 3292 503 3352 N.
527 3289 572 3349 Pil
594 3290 686 3367 Papae
708 3293 758 3358 lx,
781 3294 816 3354 in
838 3293 956 3368 quibus
979 3289 1138 3349 Guntheri
1153 3302 1204 3352 er-

184 3388 277 3433 rores
300 3372 474 3432 damnavit.
498 3372 533 3431 ln
553 3370 603 3430 his
624 3370 738 3431 litteris
761 3370 859 3431 docet
879 3375 1024 3431 summus
1053 3364 1205 3429 Pontifex

187 3452 325 3511 animam
346 3450 537 3511 rationalem
561 3465 636 3509 esse
659 3465 782 3522 veram,
806 3466 936 3527 perse,
960 3454 1059 3525 atque
1085 3448 1202 3509 imme·

187 3529 305 3591 dietam
330 3531 475 3604 corporis
495 3526 641 3590 formam.

218 3640 255 3703 (a)
268 3638 330 3692 vid.
344 3640 372 3690 S.
385 3638 479 3691 Thom.
495 3639 587 3689 contra
600 3634 679 3691 Genu
691 3637 736 3686 lib.
752 3653 802 3687 nc.
816 3636 855 3687 57.
