2642 4209
212 267 411 344 unsaramma
432 293 589 342 serenus,
604 311 644 321 —
657 291 870 355 rsrcuotoun.
999 277 1056 340 129

39 417 172 495 passive
184 432 247 477 seu
266 415 451 491 subjectiva,
474 413 509 474 in
529 411 704 490 posteriori
719 412 825 472 ccttou
843 413 912 473 sive
927 412 1056 487 princi-

39 500 100 573 pit.
130 499 223 558 Hisce
255 494 432 571 speciebus
460 491 691 554 indifferentia
720 490 819 570 adjici
845 491 945 552 etiam
972 493 1058 553 solet

44 577 262 651 indifferentia
277 575 433 651 obJectc'oo
447 589 508 634 seu
517 574 649 649 judicit,
667 585 743 649 quae
760 576 809 633 est
833 577 1054 648 repraesenta-

47 660 89 720 tio
105 655 227 736 objecti
242 654 304 715 sub
329 653 458 716 diversa
473 653 601 715 ratione
616 653 696 716 boni
718 656 753 712 31
766 651 853 711 mali.

47 807 117 870 ull.
133 837 171 846 -
191 805 299 874 Tarsis
327 802 376 862 lv:
401 801 483 863 Sota
496 799 717 875 indifferentia
739 799 1003 863 contradictionis
1017 809 1060 863 est

88 888 127 947 de
146 885 283 946 33333113
296 882 465 943 libertatis.

89 1025 184 1086 Notu.
208 1023 359 1084 Liberum
374 1022 541 1084 arbitrium
556 1020 758 1082 considerari
771 1025 882 1097 potest
900 1023 1063 1084 abstracte

53 1118 173 1181 nempe
203 1106 303 1178 prout
331 1101 372 1163 ab
404 1102 556 1164 omnibus
586 1117 625 1161 33
660 1099 857 1175 fruentibus,
889 1101 924 1162 id
956 1106 1017 1175 est,
1046 1118 1065 1162 a

57 1187 130 1255 Deo,
162 1183 270 1244 beatis
301 1185 334 1242 et
363 1183 495 1243 homine
526 1183 649 1242 viatore
681 1180 914 1258 praescinditur
941 1201 948 1242 :
978 1182 1066 1244 istud

56 1263 230 1341 adaequate
253 1262 460 1322 constituitur
480 1276 541 1338 per
560 1260 816 1322 indifferentiam
837 1261 1065 1349 contradictio·

56 1347 115 1417 313,
153 1358 215 1403 333
248 1342 432 1418 potentiam
466 1339 588 1420 agendi
623 1344 657 1401 31
688 1356 756 1401 non
791 1341 924 1419 agendi.
956 1342 1069 1403 Potest

59 1425 154 1485 etiam
169 1424 335 1483 contracte
357 1420 484 1498 inspici,
507 1421 632 1481 scilicet
652 1425 752 1497 prout
772 1423 929 1497 reperitur
949 1423 983 1482 in
997 1422 1067 1483 solo

59 1508 143 1565 statu
163 1502 303 1563 bominis
332 1501 476 1572 viatoria,
510 1506 543 1560 31
566 1505 643 1561 1333
666 1501 842 1578 adaequate
864 1502 1079 1562 constituitur·

60 1599 117 1662 per
136 1581 323 1644 libertatem
346 1580 607 1643 contradictionis
628 1583 662 1640 et
684 1581 931 1644 contrarietatis,
955 1583 1070 1642 Essen-

64 1666 102 1725 tia
135 1663 297 1724 libertatis
332 1661 478 1722 consistit
512 1660 547 1720 in
587 1660 691 1722 libero
734 1661 864 1722 arbitrio
907 1661 1071 1723 abstracte

64 1746 190 1820 sumpto
215 1763 222 1802 :
245 1742 280 1802 in
300 1741 362 1801 hoc
383 1754 485 1802 sensu
507 1739 625 1801 thesim
636 1756 895 1880 propugnamus.

101 1823 196 1882 Prob.
220 1824 242 1882 1.
267 1823 356 1882 Deus
379 1824 430 1881 est
450 1821 548 1882 simul
574 1837 635 1898 per
650 1824 814 1883 ectissime
840 1822 925 1882 liber
956 1828 988 1881 et
1011 1821 1074 1882 im-

66 1901 239 1980 peccabilis
261 1917 321 1978 per
348 1905 498 1961 naturam
520 1919 527 1958 :
553 1901 663 1980 angeli
692 1906 725 1961 et
755 1901 845 1962 beati
872 1906 949 1962 sunt
977 1903 1075 1962 etiam

68 1985 157 2046 liberi
178 1985 211 2041 31
238 1980 476 2057 impeccabiles
504 1981 738 2060 pergratiam.
761 1983 860 2060 Atqui
880 1981 1075 2059 impeccabi-

68 2065 137 2124 11133
174 2061 326 2137 componi
365 2062 483 2139 nequit
521 2077 596 2121 cum
629 2062 781 2122 libertate
825 2062 1064 2123 contrarietatis

69 2145 149 2221 Ergo
171 2138 214 2201 ad
244 2141 404 2203 libertatis
436 2141 613 2202 essentiam
642 2154 710 2202 non
740 2143 919 2220 requiritur
939 2143 1078 2204 libertas

72 2221 317 2294 contrarietatis
339 2238 378 2283 ac
399 2219 539 2298 proinde
566 2221 640 2281 lraec
672 2224 816 2282 essentia
848 2220 917 2282 sola
945 2222 1076 2284 indiffe-

72 2302 172 2365 rentia
192 2301 339 2372 exercitii
361 2303 498 2363 constat.

110 2384 145 2443 ll.
182 2381 328 2442 Libertas
361 2379 542 2441 formaliter
574 2382 640 2440 stat
667 2379 701 2439 in
738 2381 886 2456 potentia
918 2380 1079 2459 eligendi;

76 2463 161 2540 atqui
181 2465 330 2538 potestas
352 2460 498 2539 eligendi
518 2461 683 2536 reperitur
702 2457 736 2520 in
756 2460 979 2522 indifferentia
1002 2477 1083 2521 con-

77 2541 286 2613 tradictionis
312 2555 386 2617 quae
409 2542 488 2601 alias
511 2545 562 2601 331
583 2536 709 2617 aliquid
739 2541 899 2617 praevium
928 2546 1084 2617 respectu

78 2621 230 2684 libertatis
253 2620 491 2682 contrarietatis
515 2639 521 2678 :
546 2620 694 2698 potentia
716 2622 804 2680 enim
825 2619 948 2699 agendi
970 2625 1003 2681 et
1016 2636 1086 2681 non

80 2700 196 2782 agendi
222 2707 273 2762 331
299 2699 422 2777 aliquid
454 2699 544 2775 prius
575 2702 731 2777 respectu
762 2702 935 2776 potestatis
963 2701 1086 2780 agendi

83 2783 200 2844 bonum
219 2781 275 2841 vel
294 2782 428 2841 malum.
451 2781 547 2856 Ergo,
576 2779 710 2857 dempta
735 2780 886 2842 libertate
909 2781 1087 2842 contrarie·

85 2863 166 2933 13113,
196 2865 348 2922 remanet
369 2861 469 2921 etiam
496 2859 638 2921 liberum
673 2859 839 2922 arbitrium
868 2879 874 2920 :
907 2860 1020 2938 itaquo
1054 2862 1088 2922 in

84 2945 142 3004 bac
169 2941 321 3002 libertate
354 2940 589 3002 contrarietatis
624 2953 693 3000 non
720 2943 784 3001 stat
817 2941 961 3003 essentia
995 2941 1090 3004 liberi

86 3023 215 3085 arbitrii.

40 3099 43 3160 1
122 3103 192 3168 212.
214 3133 253 3144 -
274 3099 451 3162 scholium.
485 3099 720 3161 Verumtamen
749 3099 783 3160 in
813 3103 903 3161 statu
935 3101 1094 3177 praesenti

87 3182 217 3243 libertas
239 3179 477 3241 contrarietatis
499 3182 550 3240 est
572 3177 613 3239 de
627 3179 754 3241 ratione
765 3179 860 3241 liberi
881 3180 1003 3244 arbitrii
1018 3195 1093 3243 con-

88 3261 209 3322 tractim
230 3259 362 3335 sumpti.
387 3259 496 3320 Status
517 3275 661 3336 presens
683 3275 703 3320 a
729 3263 817 3319 statu
834 3260 1010 3322 beatorum
1031 3259 1096 3323 dif-

90 3341 160 3414 fert,
186 3343 349 3417 quatenus
376 3338 475 3401 homo
506 3337 607 3399 habet
637 3338 820 3415 potentiam
852 3341 1015 3415 peccandi
1042 3341 1097 3402 vel

92 3438 155 3483 non
173 3418 345 3498 peccandi.
369 3419 470 3496 igitur
488 3417 628 3480 liberum
645 3418 813 3479 arbitrium
828 3424 994 3482 contracte
1009 3437 1096 3482 sum·

94 3508 192 3578 ptum,
214 3499 340 3562 scilicet
365 3515 423 3573 pro
455 3502 542 3558 statu
568 3498 711 3559 bominis
732 3498 864 3559 viatoris
894 3501 1098 3577 exspostulat

95 3582 272 3644 libertatem
284 3577 540 3649 contrarietatis3
558 3577 775 3655 quamobrem
789 3580 997 3643 constituitur
1009 3581 1097 3642 3333-

99 3664 191 3740 quate
211 3675 272 3736 per
292 3658 479 3720 libertatem
502 3656 767 3720 contradictionis
790 3662 824 3720 et
849 3661 1096 3727 contrarietatis.

422 3787 506 3837 Bnuv.
519 3785 594 3836 Pmn.
609 3787 639 3837 Τ.
654 3785 687 3836 Π.
699 3810 731 3824 -ο
745 3784 770 3835 9.
