2642 4209
342 226 374 265 κ.

257 339 455 403 manassias
476 338 687 407 snno1ap1s¹—
701 342 807 385 rouen.
829 344 895 386 nir.
1021 329 1082 391 227

61 454 97 511 et
116 454 279 516 attributa
300 457 424 516 realem
444 454 651 515 intercedere
682 454 934 518 distinctionem.
962 459 996 519 2⁰
1016 460 1083 521 Eu·

34 531 226 615 ·1iomiapi'
243 537 281 597 in·
309 536 496 615 oppositam
526 550 663 611 prorsus
693 539 891 599 sententiam
925 540 1034 600 ierunt
1071 559 1079 600 :

43 612 199 702 inultam.
211 686 214 690 ἱ
226 616 365 696 omnimo
378 615 634 693 distinctionem
670 614 884 677 admiserunt.
905 617 1083 681 ¹Putabant

64 692 151 752 enim
178 696 334 755 attributa
344 697 429 755 'i‘esse
461 696 565 766 solam
594 695 765 757 nominum
796 695 1015 759 diversitatem
1048 703 1082 759 et

62 773 273 848 varietatem,
301 755 463 855 pullcque
494 789 629 851 prorsus
650 774 762 849 modo,
800 793 844 837 ne
881 778 1080 856 cogitatione

67 850 207 929 quidem
220 852 645 932 ‚ab-essentiadiscrepare3
667 855 745 916 inde
765 855 960 935 rejiciebant
980 858 1081 919 etiam

68 930 319 995 distinctionem
339 936 470 1008 rationis
490 934 697 1002 ratiocinata.

97 1008 230 1074 Primus
252 1028 344 1078 error
362 1015 398 1074 in
418 1014 561 1076 Concilio
581 1014 736 1074 Remensi
756 1014 796 1076 ab
818 1014 963 1076 Ecclesia
985 1016 1077 1077 dam-

61 1094 162 1154 natus
183 1093 254 1167 fuit,
277 1095 401 1172 quippe
424 1095 480 1171 qui
500 1092 743 1169 simplicitatem
765 1092 832 1155 Dei
862 1112 996 1171 prorsus
1017 1111 1078 1157 ne-

61 1174 128 1247 gat.
168 1174 280 1239 Altera
300 1176 444 1234 insania·
462 1173 672 1253 dogmatibus
705 1171 783 1235 fidei
797 1174 983 1241 catholicae
1011 1193 1080 1239 non

61 1247 177 1312 minus
195 1254 387 1315 reluctatur.
411 1251 464 1331 (l).
597 1298 600 1301 -
978 1258 982 1267 '
1094 1301 1097 1321 -.

99 1330 263 1393 367-Αι
275 1333 360 1394 inter
381 1330 527 1393 diversas
541 1332 671 1408 scholas
685 1332 914 1411 theologorum
930 1338 964 1393 et
975 1334 1078 1409 philo·
1105 1380 1108 1385 .

61 1411 245 1486 sophorum
267 1416 429 1492 reperitur
455 1412 553 1493 etiam
574 1409 721 1490 quedam
743 1412 935 1488 opinionum
958 1410 1124 1474 disere-⁹*

60 1492 174 1565 pontia
207 1494 292 1553 circa
322 1497 473 1571 naturam
505 1491 723 1553 distinctionis
753 1490 847 1571 inter*
867 1492 1021 1553 attributa
1044 1499 1077 1555 et

62 1571 252 1633 essentiam.
278 1575 307 1633 1ο
327 1572 514 1640 Nomineles
535 1587 603 1632 non
622 1583 720 1631 secus
739 1586 777 1630 ac
798 1572 1001 1645 Eunomiant
1024 1589 1077 1634 re-

56 1648 149 1726 jecta
187 1651 396 1713 distinctione
433 1652 533 1712 etiam
566 1652 712 1723 rationis,
750 1650 879 1712 diversa
918 1650 1078 1713 duntaxat

61 1727 243 1793 admittunt
260 1733 393 1793 nomina
415 1747 485 1808 quae
507 1729 660 1791 eamdem
689 1745 761 1790 rem
790 1732 852 1791 sub
889 1730 1007 1791 eadem
1027 1733 1076 1791 in-

59 1808 203 1872 trinseca
223 1811 349 1871 ratione
371 1808 601 1889 significarent.
625 1807 787 1871 Differunt
806 1811 847 1871 ab
868 1811 1077 1873 Eunomianis

61 1890 139 1964 quia
160 1890 196 1952 id
217 1889 378 1951 affirmant
404 1889 446 1950 de
472 1890 635 1952 attributis
662 1890 821 1951 absolutis
847 1894 985 1965 tantum,
1007 1907 1077 1953 non

60 1972 182 2030 autem·
198 1969 239 2031 de
259 1971 408 2049 personis
428 1973 585 2046 respectu
606 1970 766 2030 essentiae.
789 1972 822 2031 2⁰
843 1970 986 2031 Scotistae
1009 1969 1074 2031 dis·

61 2046 255 2123 tinctionem
276 2049 447 2112 formalem
468 2065 510 2111 ex
529 2053 648 2110 natura
668 2050 717 2110 rei
738 2048 821 2129 (389)
835 2049 1013 2116 admittunt
1025 2051 1073 2113 in-

58 2129 112 2188 ter
134 2130 310 2191 essentiam
331 2134 367 2191 et
380 2131 534 2192 attributa
557 2134 626 2189 tum
646 2129 808 2200 absoluta,
833 2133 902 2191 tum
923 2130 1072 2191 relativa.

58 2207 91 2266 3ο
113 2208 145 2270 S.
168 2210 307 2271 Thomas
330 2214 364 2270 et
384 2210 437 2271 alii
467 2211 685 2271 communiter
715 2209 861 2289 theologi
895 2209 1078 2271 distinctio-

57 2301 139 2347 nem
168 2291 302 2352 rationis
332 2290 529 2351 ratiocinata
559 2288 690 2367 (391,1)
721 2289 803 2349 inter
833 2290 1011 2351 essentiam
1044 2292 1079 2350 et

58 2368 216 2431 attributa
236 2372 431 2448 agnoscunt.

59 2492 131 2555 368.
156 2526 195 2536 -
215 2496 325 2554 Tarsis
347 2494 660 2554 intumentium
682 2495 711 2551 ct
726 2493 883 2563 attributo
905 2492 1000 2555 cotta
1026 2492 1074 2552 in-

100 2573 233 2635 tercedit
247 2574 407 2636 distinctio
421 2570 532 2632 rectis.

100 2696 196 2759 Proh.
222 2696 246 2757 1.
270 2695 415 2773 idipsum
431 2694 502 2773 jam
522 2694 621 2769 piane
644 2696 772 2756 constat
792 2710 834 2755 ex
855 2697 952 2755 antea
980 2692 1075 2755 dictis

61 2776 105 2838 de
125 2775 185 2837 Dei
206 2775 413 2852 simplicitate
435 2774 487 2852 (Il,
509 2771 592 2851 351).
964 2820 966 2827 ⁴

98 2857 195 2917 Proh.
209 2857 234 2915 11
238 2902 247 2916 .
263 2856 295 2915 Si
311 2853 587 2916 distinctiorealis
600 2854 686 2913 inter
699 2853 879 2915 essentiam
890 2858 922 2914 et
933 2852 1070 2915 attribu-

60 2940 94 2996 ta
113 2934 346 3007 intercederet,
370 2937 569 3012 sequeretur
596 2933 776 2994 essentiam
808 2948 882 2993 oum
913 2932 1075 2993 attributis

62 3031 136 3079 esse
158 3014 242 3093 quid
259 3013 437 3094 perfectius
468 3012 653 3074 secundum
686 3012 858 3073 entitatem
888 3028 987 3089 quam
1020 3027 1074 3072 es·

61 3096 201 3157 sentiam
214 3095 341 3155 solam:
359 3094 508 3156 essentiae
523 3095 610 3154 enim
625 3091 850 3170 adjicerentur
863 3091 931 3153 ista
943 3091 1070 3153 realita-

62 3179 112 3237 tes
133 3191 205 3253 que
227 3173 381 3236 dicuntur
399 3173 565 3234 attributa.
586 3173 682 3249 Atqui
702 3172 766 3233 hoc
779 3170 989 3234 falsissimum
1011 3176 1072 3243 est,

63 3255 186 3333 quippe
207 3270 311 3333 quum
332 3256 475 3316 essentia
495 3252 530 3313 in
549 3253 611 3313 hac
632 3252 808 3331 hypothesi
822 3267 889 3313 non
905 3254 993 3312 esset
1015 3267 1074 3313 ens

61 3334 234 3477 infiaflitutfir,
257 3339 373 3413 utpote
406 3348 510 3413 capax
538 3330 722 3409 recipiendi
751 3348 837 3393 nova
867 3331 1072 3393 incrementa

62 3432 99 3477 re
143 3431 172 3476 a.
221 3430 293 3494 rgo.

95 3570 127 3633 (l)
140 3570 207 3622 Vide
220 3572 324 3634 Petam,
338 3572 371 3621 de
384 3572 448 3634 Deo,
463 3570 481 3621 1.
497 3570 522 3631 1,
535 3585 558 3621 c.
573 3581 631 3620 vnn
