2642 4209
287 300 484 345 varannvsrut
504 298 662 345 eraclium.
678 318 718 327 -
733 302 933 347 cosuonocnt.
1101 289 1126 349 3-

145 414 183 473 ll.
204 414 415 491 Experientia
434 428 501 475 non
525 413 637 474 minus
656 414 865 492 exploratum
888 420 939 477 est
960 416 1122 481 mundum

103 508 180 553 esse
196 509 256 554 ens
270 494 437 565 inmobile,
454 508 532 553 nam
555 508 675 554 sensus
693 496 796 555 nostri
818 500 1126 572 perpetuascono,

102 574 232 650 piciunt
254 575 455 634 mutationes
482 588 593 633 rerum
616 574 872 649 mundanarum,
901 576 969 637 sive
1010 579 1121 653 quoad

104 653 312 713 existentiam
328 658 362 713 et
376 654 561 730 qualitates
578 652 646 714 sive
662 653 772 731 quoad
785 656 895 717 locum
910 659 945 716 et
964 656 1098 718 molem.

143 734 195 792 lll.
213 730 337 793 Exinde
353 738 471 811 sponte
486 734 636 809 sequitur
649 733 812 795 mundum
828 751 903 795 esse
919 752 977 797 ens
987 736 1124 810 stratam

105 813 139 869 et
157 815 346 888 conttnpens
363 833 373 872 :
392 812 499 873 omnia
525 813 613 875 enim
638 813 806 875 elementa
831 815 950 892 quibus
973 815 1123 879 mundus

105 893 272 963 coalescit,
296 892 460 969 incipiunt
481 896 515 952 et
535 892 568 951 in
593 892 731 953 nibilum
755 895 890 969 abeunt,
910 894 1031 973 quibus
1049 896 1122 958 alin

103 976 216 1046 partes
230 970 437 1032 sufficiuntur
455 972 647 1033 interibiles.
666 973 699 1033 Si
711 973 810 1051 igitur
823 974 968 1035 mundus
981 975 1120 1052 adspec-

104 1050 212 1112 tabilis
232 1052 275 1112 de
299 1050 387 1111 facto
411 1055 462 1112 est
484 1052 651 1111 mutabilis
669 1070 709 1113 ac
724 1054 894 1115 interibilis
915 1053 1028 1133 quoad
1041 1071 1122 1117 suas

102 1137 225 1206 partes
241 1130 374 1191 abunde
390 1135 518 1193 constat
530 1134 609 1193 istas
622 1147 691 1191 non
705 1133 829 1193 babere
843 1150 977 1195 omnem
991 1133 1120 1211 periec-

103 1211 312 1282 tionem,seu
333 1210 533 1279 essefinitas
552 1215 585 1272 et
598 1212 708 1289 ipsum
730 1212 894 1273 mundum
915 1214 963 1274 ita
984 1230 1061 1275 esse
1081 1220 1119 1275 ut

102 1291 207 1367 possit
230 1306 297 1351 non
323 1306 408 1363 esse,
434 1306 496 1351 seu
520 1291 593 1353 aliis
615 1291 736 1366 verbis,
759 1308 833 1353 esse
855 1292 1116 1371 contingentem.

103 1370 173 1430 llaec
189 1371 299 1429 omnia
318 1386 358 1429 ex
373 1374 471 1431 antea
490 1368 583 1431 dictis
599 1370 640 1431 de
659 1373 858 1433 necessitate
871 1377 905 1433 et
924 1374 1119 1452 contingen·

104 1451 148 1511 tia
166 1447 389 1510 efflorescunt.

144 1529 259 1607 ltaque
272 1530 419 1589 mundus
432 1529 615 1608 generatim
628 1530 799 1609 inspectus
813 1536 850 1591 ut
862 1529 974 1593 finitus
989 1536 1023 1593 et
1036 1548 1116 1595 con·

103 1608 239 1687 tingens
246 1610 360 1670 haberi
373 1609 485 1669 debet.

144 1690 177 1748 2³
196 1704 287 1763 pars.
312 1691 431 1749 Atens
457 1690 666 1767 contingens,
687 1694 725 1749 ut
742 1689 813 1768 jam
841 1693 940 1751 antea
963 1690 1116 1766 diximus,

105 1782 171 1829 non
194 1769 305 1829 existit
328 1770 357 1829 vi
378 1785 442 1829 suaa
466 1772 598 1841 naturae,
629 1784 692 1828 nec
718 1768 780 1831 sibi
806 1770 1012 1831 existentiam
1037 1769 1117 1832 dare

106 1854 224 1923 potest,
246 1864 348 1909 secus
370 1854 479 1923 operat
504 1852 684 1925 antequam
706 1850 747 1909 stt
773 1850 877 1910 :hinc
901 1850 1046 1912 mundus
1062 1855 1123 1912 est

105 1944 159 1987 ens
175 1928 215 1986 ab
232 1928 299 1987 atio
314 1926 408 2007 (455),
425 1944 485 1988 seu
500 1926 682 2004 productus
692 1926 754 1989 fuit
768 1930 809 1989 ab
826 1932 902 1989 ente
918 1931 1119 1992 necessario.

144 2006 174 2065 5.
192 2006 422 2086 -Agendum
452 2012 502 2068 est
515 2008 615 2086 igitur
639 2006 682 2068 de
706 2009 805 2069 modo
833 2025 898 2086 quo
915 2010 1122 2072 existentiam

105 2084 240 2146 aliunde
264 2086 410 2147 mundus
425 2092 562 2164 recepit,
584 2103 705 2165 nempe
731 2088 942 2165 quarendum
967 2094 1018 2150 est
1041 2104 1122 2167 quo-

104 2166 205 2227 modo
216 2167 377 2242 procedat
390 2167 471 2227 illud
487 2184 545 2229 ens
559 2167 758 2246 contingens
772 2167 814 2228 ab
831 2174 907 2228 ente
918 2170 1120 2242 necessario,

103 2258 167 2306 seu
178 2263 199 2305 a
217 2248 296 2305 Deo.
322 2248 427 2307 lnliao
444 2246 682 2325 disquisitione,
697 2248 749 2308 via
765 2248 1123 2325 eliminationisproce-

106 2322 237 2399 demus,
256 2324 412 2387 diluendo
428 2328 461 2387 in
476 2327 588 2403 primis
599 2324 698 2387 falsas
712 2327 899 2404 opiniones
912 2332 948 2387 ut
959 2327 1124 2392 adveram

105 2408 138 2465 et
152 2405 194 2465 ab
208 2406 362 2468 omnibus
374 2406 530 2467 sordibus
546 2412 762 2485 expurgatam
780 2406 995 2469 deveniamus
1012 2408 1121 2468 notio-

104 2500 194 2545 nem.
236 2486 315 2546 lline
351 2489 380 2548 1ο
413 2489 527 2546 contra
567 2486 774 2547 Pantheistas
820 2485 1122 2549 demonstrabimus

104 2564 265 2627 mundum
279 2581 298 2625 a
313 2567 381 2626 Deo
392 2564 657 2643 nonprooedere
669 2583 730 2642 per
740 2567 993 2641 emanationem,
1006 2582 1122 2630 verum

103 2646 136 2705 2⁰
149 2662 213 2723 per
228 2648 442 2708 creationem.

193 2770 246 2834 §l
262 2768 389 2823 Mundus
404 2781 463 2823 non
477 2767 612 2839 procedit
626 2783 644 2823 a
656 2770 717 2823 Deo
730 2782 786 2839 per
800 2770 1026 2824 emanationem.

143 2886 175 2947 6.
203 2918 243 2927 -
263 2886 360 2947 Error
380 2884 437 2961 qui
455 2885 541 2945 hanc
560 2900 672 2945 rerum
690 2884 938 2947 universitatem
958 2900 1033 2945 cum
1052 2885 1122 2947 Deo

106 2964 289 3037 conflandi,
305 2966 532 3041 pantheismus
546 2963 611 3043 (πᾶν
631 2963 704 3042 θεὸς)
719 2964 848 3036 dicitur,
869 2966 923 3025 vei
941 2964 1122 3027 monismua

103 3044 266 3125 (doctrina
292 3043 474 3107 identitatis
501 3043 724 3120 universalis).
759 3044 986 3105 Pantheismus
1022 3044 1124 3123 igitur

103 3127 291 3205 generatim
305 3125 475 3202 inspectus
491 3122 588 3185 docet
602 3123 765 3185 mundum
785 3127 895 3201 ipsum
910 3139 985 3185 esse
1001 3126 1121 3198 Deum,

104 3205 161 3283 qui
179 3204 320 3281 proinde
342 3209 391 3265 est
409 3220 513 3265 unum
543 3203 623 3281 quid
652 3207 687 3264 et
709 3202 800 3265 idem
818 3220 893 3264 cum
911 3207 983 3279 ipsa
1010 3219 1123 3265 rerum

103 3285 328 3346 universitate.
357 3286 454 3357 Juxta
478 3283 696 3356 Pantheistas‚
725 3286 822 3344 unioa
851 3285 1009 3345 existeret
1040 3284 1120 3345 sub·

103 3367 241 3435 stantia,
249 3380 355 3442 eaque
365 3362 500 3433 infinita,
515 3380 586 3441 quae
600 3379 676 3425 sese
688 3364 855 3424 evolveret
865 3379 926 3440 per
945 3363 1123 3425 emanatio·

103 3460 182 3507 nem
198 3444 252 3507 vel
264 3444 546 3516 immanationem,
562 3459 601 3505 ac
616 3442 753 3521 proinde
767 3442 911 3504 mundus
934 3442 1014 3505 nibil
1032 3446 1123 3503 esset

105 3522 195 3586 aliud
210 3540 310 3602 quam
326 3522 475 3601 quaedam
489 3523 588 3602 hujus
613 3522 800 3584 substantia
817 3522 948 3584 infinita
976 3522 1120 3583 evolutio

104 3604 235 3666 interna
249 3604 303 3666 vel
319 3608 454 3665 externa
471 3618 488 3664 :³
491 3602 586 3681 juxta
599 3603 737 3663 modum
749 3601 908 3681 loquendi
915 3600 1119 3663 Pantheista·

104 3698 192 3759 rum,
203 3683 271 3747 baec
285 3685 382 3745 unica
390 3684 578 3745 substantia
588 3686 726 3745 vocatur
734 3679 933 3753 Absolutum,
943 3679 1118 3755 ladonam,
