2642 4209
30 237 58 337 ξῑς
139 233 147 302 ξ
234 245 295 306 258
546 265 726 321 anavnaruu
746 264 945 311 partosornra:

31 350 82 457 εἷ’-ι
133 358 138 420 s
233 382 299 441 sint
313 379 506 454 accidentia,
532 397 570 441 ac
593 379 734 459 proinde
756 379 899 456 habitus,
915 386 1027 443 tamen
1040 396 1182 443 necesse
1201 390 1247 445 est

32 486 62 554 ..s
126 500 132 514 .-
232 466 270 523 ut
282 463 317 523 in
341 463 412 539 ipso
432 460 654 537 perfectiones
678 461 738 522 illae
760 463 913 535 morales,
938 462 1076 524 remotis
1098 463 1245 525 omnihus

210 565 213 569 ⁴
231 538 546 618 imperfectionibus,
572 542 791 617 reperiantur.
813 543 864 603 Ha
879 541 1103 619 perfectiones
1117 544 1244 604 attribu-

230 626 266 683 to
282 622 426 683 morolio
448 622 544 683 solito
568 622 791 699 appellantem
809 622 938 684 suntin
959 624 1028 683 Deo
1049 623 1124 699 ipsa
1143 621 1243 685 divina

49 754 64 788 ·.
90 704 98 714 ”
193 742 195 752 2
231 704 386 763 essentia.

269 781 338 843 Deo
355 785 465 842 tamen
480 780 577 843 tribui
595 785 767 857 nequeunt
783 778 964 843 formaliter
981 796 1099 843 omnes
1113 782 1240 844 virtutes

227 862 382 933 morales,
404 860 464 922 sed
490 878 534 923 eae
559 860 719 922 duntaxat
743 876 814 939 qua
837 861 880 923 ad
904 863 1038 939 partem
1057 860 1238 925 sensitivam

41 1012 45 1021 Ι
108 948 113 955 “
139 939 141 942 ’
228 956 296 1003 non
310 945 472 1018 spectant.

266 1020 427 1098 Praectpua
443 1020 598 1082 attributa
621 1018 758 1081 moralia
772 1025 849 1081 sunt
868 1022 897 1083 10
915 1021 1068 1082 sanctitas
1089 1035 1165 1081 cum
1181 1020 1236 1080 illis

76 1096 79 1099 ’
96 1169 98 1172 ,
115 1115 122 1139 ·-
225 1099 398 1162 virtutibus
426 1117 496 1179 quae
510 1099 690 1162 sanctitatis
704 1103 782 1161 sunt
796 1100 1010 1178 appendices,
1025 1098 1129 1161 foetus
1144 1102 1177 1161 et
1190 1117 1235 1161 co·

152 1226 155 1230 ›
224 1196 318 1255 rona,
334 1182 366 1241 2⁰
378 1182 617 1252 misericordia,
631 1180 663 1240 30
671 1181 828 1254 μιειίιῑα..

256 1260 334 1419 la}
350 1265 389 1303 -'
404 1261 656 1418 ldlsancmaoem
673 1274 746 1321 esse
761 1258 795 1319 in
809 1260 878 1321 Deo
888 1260 960 1340 jam
974 1263 1070 1321 antea
1087 1258 1233 1337 probavi-

222 1354 297 1401 mus
324 1342 361 1412 ll,
377 1341 416 1402 39
452 1386 459 1400 .

261 1421 375 1481 Divina
397 1420 552 1481 sanctitas
575 1434 592 1479 a
618 1418 792 1481 sanctitate
815 1423 924 1481 creata
945 1418 1053 1481 differt
1075 1438 1084 1479 ε
1105 1422 1134 1480 10
1155 1434 1230 1497 qua·

222 1502 319 1561 tenus
333 1504 384 1561 est
398 1498 585 1571 assentiatis,
602 1498 682 1560 dum
696 1500 850 1559 sanctitas
866 1504 976 1561 creata
991 1503 1042 1561 est
1060 1497 1232 1561 adventitia

221 1581 371 1657 qualitas,
392 1581 597 1641 accessorius
615 1583 708 1639 actus
728 1582 761 1640 et
780 1578 933 1653 effectus3
955 1581 988 1641 20
1001 1579 1158 1641 sanctitas
1177 1579 1230 1640 Dei

221 1663 272 1719 est
294 1658 525 1732 substantiolis,
551 1661 636 1718 sicut
659 1674 775 1719 omnes
807 1660 875 1720 aliae
898 1660 1136 1738 praecellentia,
1158 1657 1230 1721 dum

220 1744 329 1800 creata
342 1742 498 1801 sanctitas
513 1743 564 1799 est
584 1738 810 1813 accidentalis;
828 1741 859 1801 30
873 1739 1028 1801 sanctitas
1044 1742 1097 1799 est
1109 1738 1231 1813 inlicito

217 1820 251 1880 in
276 1819 358 1892 Deo,
392 1819 528 1879 limitata
551 1821 586 1880 in
606 1819 779 1893 creaturis;
805 1819 836 1879 40
860 1820 1018 1880 sanctitas
1045 1819 1155 1880 divina
1185 1824 1230 1879 est

217 1900 350 1959 omnino
378 1897 609 1974 'indefectibilis
635 1902 670 1959 et
703 1898 925 1973 immutabilis,
966 1898 1042 1960 dum
1078 1900 1229 1961 sanctitas

218 1982 329 2039 creata
349 1981 459 2053 potest
478 1993 628 2039 crescere
644 1980 678 2037 et
691 1978 805 2040 minui.

254 2058 325 2119 444.
343 2092 382 2100 -
401 2060 437 2119 ll.
457 2056 688 2132 Misericordia,
705 2058 801 2136 juxta
824 2061 969 2137 etymon,
992 2054 1082 2117 idem
1106 2056 1226 2136 signiti-

222 2142 274 2197 cat
299 2138 391 2217 quod
411 2140 569 2199 miseram
595 2154 662 2199 cor.
690 2138 882 2199 iserioordia
907 2140 940 2199 in
961 2136 1057 2199 nobis
1080 2136 1146 2198 duo
1172 2138 1227 2197 im-

213 2222 345 2293 portat:
366 2222 396 2280 10
418 2223 528 2278 actum
553 2232 614 2277 seu
636 2218 790 2279 affectum
803 2217 980 2279 voluntatis
996 2232 1061 2293 quo
1083 2219 1158 2294 quis
1173 2232 1228 2277 ex-

213 2302 303 2374 optat
327 2301 360 2358 et
379 2296 523 2360 intendit
545 2298 720 2359 sublevare
744 2299 910 2359 miseriam
934 2296 1088 2371 alienam,
1102 2298 1136 2357 2⁰
1161 2312 1227 2357 mo-

213 2380 283 2437 tum
298 2375 475 2455 quemdam
497 2378 662 2454 appetitus
682 2377 838 2451 sensitivi,
860 2394 925 2455 quo
946 2378 1020 2454 quis
1036 2376 1077 2437 de
1093 2377 1226 2439 alterius

211 2458 297 2519 malo
313 2458 469 2526 tristatur,
485 2461 518 2517 et
530 2457 576 2517 illi
592 2458 757 2520 condolet.

253 2538 288 2597 ln
309 2539 377 2598 Deo
400 2536 658 2597 misericordiam
679 2553 747 2597 non
769 2552 854 2611 esse,
881 2541 1041 2614 quantum
1067 2532 1111 2596 ad
1138 2534 1225 2595 hunc

123 2675 125 2677 ,
210 2622 346 2690 motum,
369 2620 580 2694 inpromptu
602 2623 666 2690 est;
690 2616 752 2679 sed
778 2617 811 2676 in
837 2618 908 2693 ipso
936 2620 986 2676 est
1007 2614 1120 2691 quoad
1142 2614 1221 2675 atie-

211 2700 310 2759 ctum.
335 2700 448 2774 ltaque
470 2696 694 2759 misericordia
709 2698 805 2758 estin
820 2698 899 2765 Dec,
915 2711 983 2755 non
997 2692 1097 2755 modo
1114 2694 1222 2771 quoad

209 2776 357 2850 effectum
379 2782 411 2838 et
431 2776 692 2838 sublevationem
711 2778 858 2848 miseria,
874 2790 990 2835 verum
1007 2777 1105 2834 etlam
1120 2789 1222 2851 quan-

208 2856 278 2916 tum
300 2856 343 2917 ad
364 2857 527 2929 affectunt,
545 2872 610 2935 quo
634 2856 741 2917 divina
755 2858 905 2918 voluntas
921 2859 1072 2916 movetur
1087 2852 1131 2913 ad
1146 2853 1219 2915 alie·

206 2951 282 2995 nam
293 2937 457 2997 miseriam
469 2934 706 2998 sublevandam
719 2956 726 2997 :
741 2936 877 2997 effectus
888 2937 1038 3011 seqnitur
1052 2932 1218 2995 affectum.

246 3017 374 3093 Duplex
399 3016 554 3095 distingui
584 3021 695 3094 potest
725 3017 833 3078 divina
861 3011 1097 3086 misericordia,
1120 3014 1219 3075 altera

202 3098 377 3170 parceretis,
400 3097 503 3158 altera
525 3098 686 3173 spectatis,
710 3113 775 3157 non
798 3094 933 3174 qutdern
954 3091 1140 3156 secundum
1170 3109 1216 3167 se,

202 3174 264 3237 sed
284 3179 411 3238 ratione
432 3178 541 3253 operis
563 3177 702 3238 externi.
716 3177 807 3239 Prior
821 3180 871 3237 est
892 3190 970 3253 qua,
984 3174 1147 3235 immensa
1160 3174 1218 3235 Dei

201 3255 345 3329 bonitas,
367 3272 441 3316 cum
462 3256 631 3317 statuisset
651 3264 801 3318 naturam
814 3254 1014 3317 rationalem
1045 3268 1086 3313 ex
1117 3250 1215 3315 nihilo

100 3373 102 3376 -
202 3335 359 3409 condere,
382 3339 416 3396 et
437 3334 531 3397 donis
552 3337 707 3397 omnibus
727 3340 847 3397 natura
869 3336 1040 3406 edomare,
1059 3332 1213 3405 decrevit,

199 3420 338 3492 propter
356 3415 504 3476 miserias
526 3416 665 3495 huJusce
687 3420 809 3476 naturae
831 3431 905 3476 eam
926 3414 969 3476 ad
991 3412 1141 3475 ordinem
1164 3428 1214 3473 su-

200 3494 446 3569 pernaturalem
466 3496 629 3556 attollere.
646 3494 851 3557 Particularia
873 3495 925 3555 est
943 3510 1007 3572 qua
1030 3494 1119 3553 Deus
1140 3508 1213 3571 spe·

129 3633 131 3636 ,
161 3630 167 3639 ,
202 3573 276 3633 ciali
305 3570 465 3634 beneficio
496 3574 661 3637 miseriam
693 3575 829 3655 alicujus
860 3580 1013 3637 creaturae
1047 3572 1210 3649 sublevat,

20 3657 29 3676 ¹⁴
49 3688 54 3696 ·
201 3651 272 3713 aliis
291 3651 326 3712 in
347 3649 467 3713 eadem
486 3652 616 3717 miseria
635 3654 769 3718 relictis.
