2642 4209
280 236 658 313 uartrursrm'seucnus
677 285 714 295 -
729 270 835 313 ruuot.
859 270 926 313 aar.
1057 250 1115 311 255
1219 272 1222 279 ·

91 391 165 447 tem
183 386 253 458 Dei,
271 408 285 439 ι
303 384 423 445 eodem
444 384 543 445 modo
559 400 624 462 quo
643 389 886 446 testamentum
908 383 1024 444 dicitur
1037 382 1115 443 ulti-

88 481 147 525 ma
162 466 313 527 voluntas
328 464 468 524 hominis
484 466 647 527 testatoris
665 489 678 518 ι
695 462 746 543 (t).
763 466 914 543 Quinque
929 469 1006 526 sunt
1020 463 1116 542 signa

90 544 274 607 voluntatis
300 542 413 605 divina
439 562 446 603 :
472 549 691 622 praeceptum,
717 545 901 617 consilium,
925 543 1112 621 prohibitio,
1190 604 1192 609 .

90 624 281 702 permissio,
298 626 458 700 operatio.
942 687 945 693 ,

134 707 168 766 3⁰
184 704 340 764 Voluntas
354 702 553 780 beneplaciti
567 703 630 764 alia
645 708 697 763 est
711 701 870 777 obsoleto,
888 703 951 763 alia
962 704 1114 764 conditio·

91 790 192 857 rtetc;
213 783 321 861 priore
345 785 434 843 Deus
459 783 527 843 vult
539 782 709 861 objectum
728 786 798 845 sine
818 784 1043 860 suppositione
1064 781 1113 843 ul-

90 862 160 925 lius
185 863 398 937 conditionis;
423 863 524 923 altera
555 867 704 923 versatur
729 864 815 925 circa
839 864 1048 925 existentiam
1062 861 1117 923 vel

91 959 163 1082 gon
184 942 390 1003 existentiam
412 943 535 1021 objecti
555 959 596 1003 ex
621 942 847 1019 suppositione
872 943 1011 1021 alicujus
1034 958 1115 1005 con-

119 1024 241 1083 ilionis.

136 1100 170 1162 4⁰
194 1100 394 1164 Discernitur
419 1101 519 1161 etiam
541 1101 693 1163 voluntas
712 1102 895 1163 necessario
910 1106 944 1163 et
965 1101 1117 1163 voluntas

92 1181 225 1243 tibere:
240 1180 358 1244 dicitur
381 1183 568 1241 necessaria
593 1180 726 1258 quando
749 1180 855 1243 fertur
878 1182 912 1241 in
935 1183 1042 1242 Deum
1065 1181 1115 1258 ip·

93 1278 183 1322 sum.
215 1276 381 1321 summum
405 1261 542 1332 bonum,
568 1265 667 1338 atque
692 1261 726 1321 in
750 1277 849 1322 omne
874 1262 1000 1322 bonum
1025 1260 1115 1321 aliud

92 1340 265 1417 possibile,
279 1342 312 1400 in
323 1358 359 1401 se
370 1344 571 1416 spectatum:
582 1341 648 1400 haec
659 1342 693 1400 in
706 1342 774 1401 Deo
786 1356 852 1403 non
863 1346 974 1418 potest
985 1342 1116 1402 abesse.

93 1421 212 1482 Libera
234 1425 345 1480 autem
367 1421 552 1496 appellatur
574 1420 725 1482 voluntas
750 1420 867 1492 divina,
893 1427 1058 1498 quatenus
1073 1418 1116 1481 ad

96 1502 188 1560 entia
214 1505 323 1561 creata
345 1501 472 1569 attinet,
490 1516 560 1577 quar
575 1502 677 1574 Deus,
694 1501 793 1561 etiam
807 1501 896 1562 salva
909 1517 977 1575 ¹sua
991 1499 1117 1563 infinita

95 1578 314 1657 perfectione,
330 1595 398 1640 non
409 1580 493 1640 velle
509 1584 632 1657 posset.
832 1618 841 1625 -

137 1662 170 1719 5⁰
187 1659 328 1721 Partitur
342 1675 475 1736 quoque
490 1664 523 1720 in
539 1660 716 1735 efficacem,
733 1676 795 1721 seu
808 1659 957 1721 absolute
973 1658 1117 1735 efficien-

96 1744 173 1811 tem,
191 1744 224 1798 et
246 1740 461 1813 inefficacem
483 1738 572 1816 prior
585 1756 719 1816 semper
738 1739 896 1818 impletur
915 1744 948 1800 et
964 1738 1119 1801 ellectum

97 1820 247 1891 sortitur;
273 1817 447 1894 dupliciter
464 1821 606 1894 spectari
627 1824 749 1896 potest,
772 1820 825 1879 vel
850 1822 928 1881 citra
952 1818 1116 1895 praevisio·

97 1914 179 1958 nem
201 1899 392 1977 hypothesis
415 1898 597 1971 verificata,
621 1899 675 1959 vel
698 1900 803 1976 posita
818 1900 881 1959 hac
900 1899 1116 1976 provisione:

98 1978 178 2039 inde
195 1984 245 2039 est
258 1979 311 2040 vel
322 1978 470 2039 obsolute
481 1982 675 2054 antecedens,
691 1978 744 2039 vel
754 1979 901 2041 ebsotnto
916 1995 1117 2053 consequens.

98 2059 211 2119 Altera
235 2063 346 2121 autem
371 2058 536 2127 effectum,
561 2075 661 2135 quem
675 2060 764 2119 Deus
779 2060 893 2121 ultimo
909 2056 1061 2133 intendit,
1079 2074 1120 2119 ex

101 2136 235 2199 defectu
258 2137 453 2199 conditionis
477 2142 604 2199 statuta
629 2138 671 2199 ob
696 2140 837 2201 hominis
867 2138 1119 2213 contumaciam,

99 2232 168 2279 non
183 2218 393 2280 nanciscitur.
408 2217 565 2279 Voluntas
579 2216 732 2279 inefficax
745 2234 812 2280 non
828 2220 936 2297 arguit
951 2216 1121 2279 defectum

98 2299 254 2375 potentia
271 2300 305 2357 in
320 2298 401 2369 Dec,
424 2297 485 2358 sed
504 2299 644 2359 abusum
661 2298 821 2360 libertatis
840 2301 874 2360 in
893 2298 1038 2359 homine.

141 2377 173 2437 6⁰
187 2378 337 2454 Denique
352 2377 502 2439 voluntas
519 2375 626 2438 divina
651 2377 751 2439 etiam
775 2377 985 2455 distinguitur
1008 2380 1044 2439 in
1059 2378 1122 2453 je-

100 2458 236 2531 bentent,
265 2474 331 2534 qua
353 2458 442 2517 Deus
465 2458 535 2518 vult
559 2460 695 2532 bonum,
722 2461 755 2517 et
774 2461 1024 2534 permittentem,
1052 2472 1117 2535 qua

102 2536 226 2597 malum
241 2538 409 2613 permittit.

141 2616 247 2678 Prima
262 2621 315 2677 est
328 2617 479 2677 voluntas
492 2616 701 2694 legislatoris,
718 2632 789 2693 qua
803 2620 951 2693 spectata
968 2633 1008 2678 er
1026 2619 1120 2693 parte

104 2711 167 2756 seu
191 2700 355 2773 quatenus
375 2695 471 2776 jubet
491 2696 757 2757 observationem
778 2696 874 2775 legis,
902 2713 969 2758 non
988 2710 1122 2771 semper

102 2775 274 2852 impletur;
293 2782 342 2837 est
357 2776 445 2836 enim
465 2777 616 2837 voluntas
630 2792 649 2835 a
664 2776 759 2837 nobis
774 2772 936 2837 facienda.
953 2775 1019 2836 Sed
1038 2790 1119 2853 qua·

104 2860 201 2917 tenus
227 2856 454 2917 consideratur
477 2860 514 2916 ut
537 2855 729 2933 precipiens
743 2856 842 2917 simul
866 2860 899 2917 et
916 2857 1027 2933 legem
1042 2871 1121 2932 prae·

102 2935 177 2996 miis
192 2952 228 2997 ac
241 2937 347 3012 poenis
362 2939 526 3009 sanciens,
543 2940 595 2996 est
608 2951 741 3011 semper
762 2937 894 2997 invicta.

142 3015 343 3077 Affectiones
357 3016 532 3079 voluntatis
547 3032 617 3093 quae
627 3016 751 3077 nullam
765 3016 827 3077 sibi
841 3014 1030 3094 implicitam
1045 3030 1120 3076 con-

103 3095 209 3156 tinent
223 3094 518 3172 imperfectionem,
534 3096 667 3172 proprie
682 3094 716 3155 in
729 3095 799 3157 Deo
815 3100 907 3171 sunt;
923 3110 1021 3155 secus
1036 3110 1118 3157 non-

101 3175 165 3237 nisi
189 3177 412 3253 metaphorice
435 3177 498 3253 ipsi
513 3176 711 3250 tribuuntur,
727 3176 775 3236 uti
798 3176 995 3253 passiones:
1013 3177 1118 3249 timor,

100 3252 159 3315 ira.
178 3256 315 3329 tristitia,
333 3261 397 3319 etc.

142 3334 212 3395 434.
237 3368 275 3379 -
300 3340 347 3397 De
371 3336 492 3410 objecto
516 3336 632 3396 divinae
651 3335 825 3397 voluntatis
848 3335 1025 3414 ObJectum
1043 3336 1117 3409 pre·-

101 3415 247 3475 merium
262 3415 375 3477 divina
390 3416 565 3478 voluntatis
580 3419 631 3476 est
646 3413 755 3477 divina
770 3417 927 3491 essentia;
951 3413 1120 3492 objectum

102 3511 181 3556 vero
209 3497 438 3559 secundarium
461 3500 539 3556 sunt
567 3499 733 3557 creatura.
762 3496 849 3558 Alias
876 3512 915 3558 ea
939 3510 1014 3575 quae
1033 3493 1119 3557 dicta

103 3691 108 3696 ·
136 3674 170 3737 (1)
183 3673 301 3735 Fraosen,
316 3674 349 3723 de
360 3672 421 3734 Deo,
434 3675 511 3722 tract.
525 3671 551 3735 2,
563 3672 592 3724 d.
605 3671 630 3733 2,
644 3687 668 3723 a.
685 3672 708 3734 l,
724 3688 749 3737 q.
768 3672 793 3730 l.
