2642 4209
273 262 472 307 mrrsrarsrot
493 262 649 307 sruonms
667 282 705 289 —
720 264 825 307 rimor.
849 266 916 308 uir.
1044 248 1105 309 247

71 372 244 448 temporis
266 371 317 431 cui
340 372 539 444 coexistunt,
561 390 678 434 rernm
700 378 762 445 est,
786 390 825 435 ac
846 372 986 451 proinde
1018 382 1099 435 tem·

71 464 162 522 pore
187 450 410 513 antecedente
431 468 546 513 verum
576 459 627 514 est
657 452 748 531 quod
768 454 850 514 illud
871 455 912 514 sit
941 452 1099 515 futurum.

69 529 167 610 Ergo
191 532 280 591 Deus
301 538 390 593 certo
412 532 501 594 novit
522 536 632 595 omnia
654 550 724 611 qua
746 534 922 612 aliquando
956 535 1099 595 existen·

72 611 160 669 tiam
183 610 360 689 accipiunt.

116 690 160 751 ll.
200 691 230 750 Si
266 693 354 752 Deus
383 688 494 753 futura
525 692 752 771 contingentia
781 709 848 755 non
886 700 1103 771 cognosceret

74 768 246 846 quamdiu
266 776 343 833 sunt
361 768 483 840 futura,
508 787 547 831 ea
568 772 687 832 saltem
707 776 821 833 nosset
843 772 920 832 dum
943 771 1100 834 determi-

72 856 161 911 nato
184 867 246 911 suo
268 855 417 928 tempore
440 852 646 912 existentiam
667 852 831 929 accipiunt
856 871 862 912 :
886 851 1011 913 nullum
1042 869 1101 913 ve-

73 946 159 989 rum
194 931 275 991 latet
307 932 425 991 Deum.
456 934 554 1008 Atqui
585 933 626 992 ab
657 937 779 1014 aeterno
812 932 899 992 Deus
931 932 1103 1011 cognoscit

75 1008 249 1088 quidquid
270 1012 439 1089 cognoscit
462 1032 469 1072 :
493 1012 630 1072 scientia
660 1014 720 1072 Dei
751 1016 801 1071 est
831 1012 1040 1073 immutabilis
1069 1016 1101 1073 et

75 1090 329 1151 incrementum
343 1091 492 1167 accipere
513 1094 642 1169 nequit3
658 1092 757 1151 immo
773 1091 904 1167 proprie
919 1089 1099 1169 loquendo,

75 1169 164 1231 nihil
186 1171 254 1230 Deo
275 1168 424 1231 futurum
447 1178 497 1231 est
518 1173 570 1232 vel
590 1174 800 1247 preteritum.
824 1172 920 1249 Ergo.

119 1250 197 1310 420.
220 1284 258 1293 -
281 1250 331 1310 lll.
355 1255 400 1311 Dc
421 1252 554 1312 sciemur
579 1253 697 1312 medio.
723 1250 863 1310 Solantia
884 1250 961 1320 haec,
980 1254 1018 1311 de
1035 1266 1100 1327 qua

78 1330 227 1396 celebris
247 1330 337 1409 viget
359 1331 580 1391 controversia
601 1331 686 1390 inter
707 1329 851 1391 diversas
866 1330 994 1390 scholas
1012 1330 1101 1390 theo-

76 1409 285 1488 logicas,ea
315 1414 366 1470 est
398 1426 467 1485 qua
494 1412 627 1485 respicit
647 1412 765 1485 futuro
786 1411 1016 1471 conditionata.
1041 1410 1102 1469 Per

76 1488 172 1549 hanc
193 1506 272 1568 ergo
295 1489 462 1549 scientiam
484 1490 677 1567 intelligitur
699 1490 841 1567 cognitio
865 1494 952 1551 certa
984 1494 1018 1549 et
1048 1492 1097 1549 in-

77 1567 237 1638 fallibilis,
262 1584 360 1645 quam
381 1570 469 1629 Deus
490 1569 589 1630 hahet
611 1569 653 1629 de
674 1569 775 1629 rebus
797 1566 1019 1631 conditionate
1046 1566 1061 1627 f
1083 1602 1100 1615 -

77 1649 177 1709 turis
210 1648 335 1708 Dicitur
362 1648 498 1709 scientia
529 1650 648 1719 medio,
682 1650 757 1727 quia
788 1648 897 1709 medio
929 1648 1029 1710 modo
1062 1664 1099 1709 se

78 1729 187 1789 habet
207 1730 292 1789 inter
312 1727 480 1789 scientiam
502 1729 656 1805 simplicis
678 1728 900 1807 intelligentiae
933 1733 965 1789 et
996 1730 1100 1789 scien-

80 1811 166 1870 tiam
194 1807 341 1880 visionis3
374 1808 460 1869 illius
493 1811 580 1869 enim
619 1808 799 1887 objectum,
835 1824 957 1885 nempe
991 1806 1100 1869 futura

82 1886 320 1955 conditionata,
340 1888 443 1948 veluti
463 1886 606 1948 medium
630 1892 746 1949 tenent
766 1889 852 1949 inter
872 1904 964 1949 mere
992 1888 1112 1965 possi.

79 1968 163 2031 bilia
184 1972 218 2029 et
238 1968 385 2029 absolute
405 1966 524 2029 futura.

122 2090 198 2151 421.
221 2124 260 2133 -
280 2092 386 2151 Transis
410 2091 432 2151 l.
448 2094 521 2151 Haec
538 2093 671 2151 scientio
688 2093 795 2153 medio
810 2092 942 2151 admitti
949 2094 1058 2165 potest.

122 2204 208 2263 Noto
230 2205 252 2263 l.
274 2203 442 2263 Themista
465 2208 497 2262 et
518 2202 660 2263 Scotiste
674 2203 824 2279 plerique
846 2218 912 2262 uno
937 2202 1099 2263 consen'su

83 2280 209 2342 docent
230 2283 400 2344 scientiam
421 2283 481 2343 Dei
501 2282 672 2359 adequate
696 2282 795 2343 dividi
816 2284 849 2341 in
872 2282 1039 2344 scientiam
1054 2285 1100 2343 vi·

82 2361 187 2421 sionis
219 2366 252 2422 et
281 2362 449 2423 scientiam
479 2362 634 2437 simplicis
655 2362 889 2439 intelligentia.
913 2360 979 2421 Sed
999 2360 1097 2423 hodie

84 2444 251 2501 sententia
273 2441 423 2518 opposita
446 2447 494 2502 est
515 2441 614 2520 longe
638 2441 851 2503 communior.
868 2443 991 2502 Tamen
1014 2442 1098 2501 cele-

83 2521 235 2582 berrimae
257 2522 484 2581 controversia
502 2520 588 2581 inter
603 2521 833 2583 Dominicanos
856 2525 889 2581 at
909 2520 1020 2581 Patres
1042 2536 1095 2581 so-

84 2601 214 2661 cietatis
235 2600 313 2661 lesu
333 2602 513 2676 respiciunt
533 2601 642 2677 potius
664 2600 800 2661 modum
822 2616 886 2677 quo
908 2601 996 2660 Dens
1011 2599 1097 2660 futu-

82 2696 121 2741 ra
161 2677 384 2742 conditionata
424 2680 603 2759 cognoscit,
640 2697 736 2759 quam
764 2683 867 2758 ipsam
905 2679 1097 2741 divisionem

80 2760 236 2821 scientie.

119 2841 204 2909 Nota
223 2840 260 2911 ll.
284 2838 458 2911 Molinistae,
481 2837 679 2919 Congruistae
695 2846 727 2901 et
741 2838 977 2917 Augustiniani,
994 2838 1098 2898 scien·
1187 2908 1191 2921 ,

79 2921 161 2979 tiam
194 2917 338 2979 mediam
358 2928 569 2996 propugnant
599 2918 684 2979 :alii
719 2924 833 2979 tenent
865 2934 937 2979 eam
972 2916 1095 2979 media-

79 3016 117 3060 re
137 3001 224 3069 inter
243 3000 416 3059 scientiam
435 2999 569 3059 visionis
591 3002 624 3058 et
645 2998 817 3059 scientiam
831 2998 986 3076 simplicis
1001 2997 1097 3058 intel·

80 3078 241 3157 ligentiae3
259 3078 323 3153 alii,
346 3077 432 3139 inter
446 3078 619 3139 scientiam
638 3078 776 3139 liberam
798 3082 831 3139 et
852 3078 1020 3140 scientiam
1042 3093 1098 3137 ne·

82 3158 271 3219 cessariam.

122 3238 219 3298 Prob.
245 3237 352 3298 Thasio
361 3238 542 3313 proposito.
565 3238 611 3297 Ex
631 3241 806 3313 perspecto
822 3233 1035 3297 fundamento
1052 3234 1098 3295 di·

82 3317 216 3380 visionis
237 3317 378 3378 scientie
399 3316 471 3387 Dei‚
496 3319 623 3378 constat
643 3316 730 3377 illam
760 3315 930 3375 scientiam
952 3331 1026 3375 esse
1056 3314 1097 3376 ab

85 3398 155 3459 aliis
177 3397 375 3465 distinctam,
399 3397 493 3473 cujus
516 3395 681 3475 objectum
705 3399 756 3455 est
776 3394 948 3471 proprium
973 3399 1005 3455 et
1031 3392 1096 3454 dis-

87 3478 242 3547 tinctum;
276 3477 365 3553 atqui
395 3474 532 3537 scientia
562 3475 671 3536 media
700 3475 801 3535 habet
832 3474 997 3553 objectum
1025 3490 1098 3550 pro·

87 3556 195 3636 prium
216 3559 250 3616 et
270 3554 468 3616 distinctum·
483 3556 579 3632 Ergo.

127 3634 225 3698 Proh.
248 3637 416 3696 minorem.
441 3636 517 3710 Qua
538 3638 615 3695 actu
634 3648 806 3712 nunquam
829 3631 981 3708 existunt,
1005 3634 1097 3692 etta-
