2642 4209
238 252 294 312 leo
420 289 424 304 .
536 267 716 311 aaavruunn
736 263 992 310 curiosorum·

231 385 303 447 213.
327 415 365 425 -
389 383 496 441 'l'nssis
520 381 558 441 V.
588 382 738 441 Voluntas
761 380 907 440 bumana
933 380 968 437 tn
987 381 1138 453 prasenti
1154 387 1228 442 datu

160 497 161 500 =
267 462 489 604 gfflzeumequtt
497 461 682 536 producere
702 459 737 519 ta
750 477 783 520 sa
798 460 904 521 uttam
917 458 1104 518 dotationem
1117 466 1169 519 out
1178 461 1226 521 uo·

268 665 366 725 Prot.
385 664 408 724 l.
424 664 471 724 llx
485 663 672 724 testimonio
689 660 910 722 conscientiae.
928 661 1075 739 Quisque
1089 660 1147 720 sibi
1159 677 1228 722 con-

229 745 317 806 scius
353 748 403 804 est
441 759 478 802 se
508 758 609 819 posse
641 754 815 802 assensum
846 742 967 802 elicere
1007 741 1061 802 vel
1092 741 1230 803 cohibere

227 828 385 903 respectu
422 823 598 901 cujuslibet
633 821 766 899 objecti.
797 823 881 899 Ergo
912 821 1065 882 voluntas
1100 820 1231 882 humana

227 920 399 982 nunquam
434 904 562 981 cogitur
596 899 638 962 ad
678 900 926 978 producendam
959 901 994 961 in
1028 915 1065 962 se
1100 900 1230 978 aliquam

229 985 429 1046 volitionem.

270 1065 304 1124 ll.
328 1064 486 1123 Voluntas
515 1066 692 1139 cogeretur
718 1059 761 1120 ad
790 1063 900 1121 actum
927 1057 1187 1137 producendum,
1206 1064 1231 1121 si

230 1138 319 1204 Dens
348 1143 395 1203 illi
426 1141 658 1202 necessitatem
687 1141 899 1202 intrinsecam
926 1143 1127 1216 imponeret3
1153 1140 1230 1200 Deus

233 1223 320 1286 enim
342 1223 431 1282 solus
446 1222 512 1281 vim
532 1222 632 1282 habet
653 1219 809 1281 movendi
823 1220 1037 1292 voluntatem,
1052 1235 1116 1280 seu
1138 1218 1231 1280 deter-

231 1301 377 1364 minandi
412 1305 522 1361 actum
555 1303 723 1362 internum
756 1300 895 1378 hujusce
929 1299 1102 1360 facultatis.
1148 1301 1232 1376 Atqui

231 1383 331 1454 Deus,
349 1381 405 1460 qui
427 1381 550 1441 homini
573 1380 666 1442 dedit
678 1381 861 1442 libertatem
877 1378 1114 1450 indifferentiae,
1130 1381 1234 1456 nequit

231 1462 276 1523 ita
302 1460 345 1522 ad
371 1477 475 1522 unum
496 1461 700 1522 voluntatem
727 1459 957 1531 determinare,
980 1459 1157 1537 quominus
1175 1461 1231 1534 pri-

232 1557 324 1604 mum
347 1540 471 1602 donum
494 1539 652 1601 destruat.
676 1541 761 1618 Ergo
783 1541 935 1601 voluntas
957 1542 1068 1600 creata
1089 1540 1234 1600 naturali-

233 1624 283 1683 ter
305 1621 379 1700 cogi
399 1623 517 1699 nequit
538 1620 581 1681 ad
601 1619 855 1698 producendum
875 1622 909 1682 in
929 1636 967 1680 se
987 1619 1088 1680 ullam
1120 1619 1236 1679 nolitio·

232 1717 313 1764 nem
334 1706 391 1762 aut
410 1702 611 1762 vetitionem,

588 1822 626 1872 De
640 1819 765 1872 libertatis
778 1819 888 1886 objecto.

235 1933 306 1994 tlt.
331 1963 368 1973 —-
392 1933 500 1992 Tussis
525 1931 576 1991 Vl.
604 1934 639 1992 lu
663 1930 775 1993 ultimi
800 1930 875 2005 finis
902 1931 1095 2006 oppetitione
1118 1930 1238 1991 ttoertm

275 2027 339 2072 non
360 2016 413 2071 est.
1286 2054 1288 2161 1

276 2136 369 2197 Noto.
394 2135 429 2194 ln
452 2134 537 2195 thesi
558 2134 667 2212 agitur
688 2132 729 2194 de
750 2131 965 2194 beatitudinis
985 2148 1116 2206 amore3
1138 2149 1241 2195 verum
1286 2166 1288 2171 ·

236 2213 340 2276 ultimi
362 2212 435 2274 finis
456 2215 614 2290 appetitio
638 2217 747 2288 potest
768 2213 969 2274 considerari
987 2214 1056 2274 sive
1072 2214 1183 2290 quoad
1196 2231 1242 2274 ex-

237 2294 398 2364 ercitium,
416 2294 482 2354 sive
499 2293 610 2370 quoad
632 2293 896 2354 contrarietatem
912 2300 947 2353 et
959 2291 1239 2368 specificationem.

237 2372 353 2450 Quoad
381 2375 574 2436 exercitium
600 2373 721 2433 iterum
748 2371 910 2433 debemus
936 2373 1142 2452 distinguere
1168 2375 1243 2434 inter
1286 2386 1288 2439 t

238 2454 356 2516 summi
376 2453 466 2526 boni,
481 2454 515 2514 in
536 2470 602 2531 quo
625 2457 677 2512 est
697 2452 849 2526 beatitas,
866 2454 987 2513 claram
1009 2459 1043 2514 et
1065 2453 1242 2515 distinctam
1286 2442 1288 2523 Ι

238 2534 509 2612 propositionem,
533 2538 566 2594 et
592 2530 763 2594 confusam
788 2535 1064 2611 abstractamque.
1090 2535 1157 2594 Sub
1186 2535 1241 2611 pri·
1286 2526 1288 2607 l

238 2629 293 2674 mo
322 2618 489 2689 respectu,
518 2629 610 2672 amor
634 2611 823 2674 beatudinis
851 2628 920 2673 non
950 2617 1001 2672 est
1029 2615 1125 2687 liber,
1155 2617 1244 2676 etiam
1286 2630 1288 2705 5

241 2692 352 2771 quoad
383 2691 585 2753 exercitium.
614 2693 707 2753 Beati
735 2695 824 2754 enim
850 2699 1025 2770 nequeunt
1048 2709 1117 2757 non
1142 2710 1244 2755 amare
1286 2714 1288 2767 5

242 2773 588 2834 divinambonitatem
613 2775 833 2836 :necessario
863 2773 1035 2849 rapiuntur
1064 2775 1107 2836 ab
1140 2789 1192 2834 ea.
1216 2776 1245 2833 lu
1286 2824 1288 2877 Ι

241 2851 388 2914 secundo
425 2867 535 2926 sensu,
566 2868 657 2912 amor
692 2852 906 2914 beatitudinis
941 2856 992 2913 est
1024 2853 1110 2915 liber
1144 2853 1246 2932 quoad
1286 2882 1288 2909 t

243 2933 447 3003 exercitium,
472 2935 505 2992 et
527 2933 646 2994 exinde
668 2933 820 2995 homines
843 2933 986 2993 viatores
1007 2937 1149 3009 possunt
1168 2950 1245 2994 sum-
1286 2922 1288 2999 ἕ

242 3028 334 3074 mum
347 3012 473 3073 bonum
494 3013 592 3072 etiam
614 3013 675 3073 sub
697 3013 824 3074 ratione
846 3012 966 3072 summi
978 3012 1066 3075 ‚boni
1086 3015 1244 3090 cognitum
1286 3058 1288 3107 Ι

243 3108 415 3168 respuere,
438 3097 574 3170 propter
599 3092 804 3155 debilitatem
830 3093 1062 3170 propositionis
1090 3113 1098 3154 :
1125 3109 1246 3154 verum-
1286 3110 1288 3137 ι

245 3177 358 3233 tamen
384 3171 437 3234 hic
466 3187 558 3232 amor
582 3188 650 3233 non
677 3177 727 3233 est
751 3172 835 3234 liber
860 3169 971 3249 quoad
992 3173 1246 3235 contrarietatem
1286 3139 1288 3205 Ι

246 3257 303 3313 aut
334 3250 612 3328 specificationem
643 3254 807 3314 abstracte
837 3257 1021 3328 sumptum3
1060 3257 1095 3314 et
1127 3254 1163 3314 in
1194 3254 1246 3314 hoc
1286 3218 1288 3351 Ι

248 3333 347 3394 etiam
369 3347 472 3392 sensu
494 3331 593 3392 thesis
615 3331 805 3394 adstruitur.
1286 3354 1288 3363 ·

253 3441 256 3446 ·
287 3411 383 3474 Prot.
408 3413 430 3472 Ι.
458 3410 632 3488 Objeotum
658 3409 795 3473 formale
822 3410 1000 3473 voluntatis
1026 3415 1077 3471 est
1100 3411 1244 3471 bonum-z
1286 3386 1288 3497 l

249 3492 400 3554 voluntas
426 3489 527 3566 igitur
554 3490 684 3552 nonnisi
711 3491 837 3550 bouum
857 3491 943 3551 velle
969 3493 1080 3567 potest
1104 3489 1155 3570 (il,
1176 3486 1246 3564 206).
1286 3504 1288 3569 t

250 3571 349 3646 Atqui
371 3567 414 3627 ad
434 3568 627 3648 generalem
649 3574 683 3630 et
704 3569 902 3630 abstractam
921 3569 1085 3630 felicitatis
1104 3568 1247 3632 intentio·
1286 3590 1288 3600 ·

252 3665 331 3710 nem
351 3647 465 3706 ultimo
486 3643 656 3707 reducitur
677 3649 835 3726 quaelibet
853 3648 933 3710 boni
953 3649 1137 3726 appetitio:
1161 3662 1249 3726 appe·
