2642 4209
234 242 292 307 198
539 268 719 315 aasvnmuu
740 270 943 315 rnrnosornna

232 391 236 400 ·
276 375 332 433 llic
346 377 440 452 igitur
455 375 622 439 discursus
638 380 786 441 consistit
799 382 833 440 in
856 396 895 440 eo
918 375 1009 456 quod
1023 377 1104 438 ratio
1119 382 1233 441 natura-

231 452 272 512 lis
288 454 449 515 mundum
471 459 632 519 visibilem
645 466 829 537 cognoscat*
837 466 873 519 ut
887 475 971 535 opus
987 458 1047 534 Dei
1062 461 1119 519 aut
1133 459 1233 521 adum·

233 534 419 595 brationem
440 553 499 597 seu
523 537 824 600 manifestationem
844 541 971 599 virtutis
987 538 1113 599 divinae.

276 614 338 687 Qui
352 615 438 678 hanc
461 618 707 679 conclusionem
721 618 893 680 admittere
917 617 1127 691 detrectaret,
1142 619 1232 697 majo·
1280 602 1281 627 ³

233 708 306 753 rem
334 697 521 773 argumenti
544 696 753 771 inficiaretur,
779 703 812 759 et
838 698 958 759 exinde
984 703 1168 758 autumaret
1189 706 1234 760 aut

234 777 383 834 mentem
406 776 586 837 humanam
616 793 715 853 posse
745 780 861 847 Deum,
893 782 949 855 qui
976 778 1010 837 in
1044 794 1104 837 sua
1133 782 1234 840 natura

234 852 331 912 nobis
341 855 512 916 invisibilis
528 860 579 917 est
592 873 739 932 prorsus,
756 859 902 917 intuitioe
917 873 1132 935 cognoscere,
1145 858 1232 935 quod,

233 932 409 1009 salvande,
425 938 478 996 vix
490 938 647 999 sustineri
661 942 773 1014 potest
787 940 836 1016 (ll,
853 936 936 1017 294),
954 942 1010 997 aut
1025 938 1233 1014 cognitionem
1281 954 1282 963 ¹

234 1012 295 1071 Dei
324 1029 398 1075 esse
421 1016 516 1077 nobis
549 1018 844 1094 supernaturaliter
870 1018 922 1079 vel
953 1019 1147 1079 naturaliter
1177 1020 1233 1079 sive

233 1090 376 1153 infusam
394 1095 462 1156 sive
494 1099 686 1169 revelatam,
718 1098 820 1174 quod¹
841 1102 890 1157 est
919 1094 1090 1157 affirmatio
1115 1113 1234 1173 prorsus

231 1173 389 1249 gratuita,
421 1191 491 1252 quae
518 1176 552 1236 in
580 1176 691 1238 fucata
718 1178 984 1255 impossibilitate
1013 1178 1120 1237 Deum
1154 1178 1235 1239 alitor
1282 1262 1283 1283 Χ

235 1255 462 1331 cognoscendi
482 1257 578 1317 unice
592 1255 760 1318 fundatur.

236 1376 305 1436 313.
328 1410 367 1420 -
381 1380 488 1439 Tarsis
507 1381 544 1441 ll.
570 1384 641 1443 Hac
664 1382 797 1459 counitio
818 1398 879 1456 per
899 1384 1081 1443 discursum
1105 1380 1233 1439 omniun

350 1459 422 1533 fere
437 1462 724 1523 ratiocinationum
736 1461 937 1537 faciti-imum
958 1460 1128 1521 obtinetur.

275 1571 450 1633 Probatur.
480 1574 698 1635 Ratiocinium
726 1576 821 1654 cujus
842 1572 1008 1650 premissa
1032 1586 1099 1633 una
1123 1576 1234 1634 constat

230 1651 356 1733 judicio
377 1650 568 1715 immediato
590 1657 723 1715 minime
738 1652 927 1726 scientifico
945 1655 1048 1714 altera
1069 1668 1146 1713 vero
1160 1651 1232 1713 iacto

234 1732 389 1791 omnibus
417 1732 526 1806 obvio,
556 1739 606 1794 est
632 1732 835 1795 facillimum.
871 1736 969 1811 Atqui
995 1733 1159 1793 discursus
1179 1748 1232 1809 quo

233 1810 294 1871 Dei
317 1813 524 1873 existentiam
545 1817 787 1891 cognoscimus,
812 1819 861 1873 est
881 1815 1089 1874 ratiocinium
1111 1813 1233 1871 mixtum

234 1889 412 1952 conflatum
449 1896 478 1953 l⁰
501 1909 542 1953 ex
569 1895 729 1970 principio
759 1892 990 1954 causalitatis:
1021 1892 1124 1952 omnis
1150 1892 1232 1963 effec-
1284 1942 1285 1961 ,

233 1976 285 2031 tus
299 1972 393 2031 bubet
408 1988 555 2046 causant,
579 1990 640 2034 seu
654 1974 725 2034 aliis
738 1972 858 2045 verbis,
875 1972 958 2033 nibil
977 1973 1014 2047 sit
1038 1974 1106 2031 sine
1121 1976 1230 2044 operte,

234 2054 334 2126 atque
348 2053 381 2111 2⁰
391 2054 577 2129 cognitione
594 2054 824 2132 contingentia
839 2070 900 2113 seu
916 2052 1101 2113 effectionis
1111 2050 1229 2109 mundi:

234 2133 377 2206 exquirit
391 2130 555 2205 nimirum,
574 2137 732 2211 tanquam
752 2135 954 2194 elementum
976 2130 1231 2207 experimentato,

232 2215 272 2270 ut
299 2213 451 2272 sensibus
475 2213 694 2274 obversentur
715 2213 863 2291 quadam
891 2216 925 2272 in
949 2213 1050 2272 rebus
1074 2209 1232 2269 mundanis

232 2292 445 2364 mutationes,
462 2310 544 2369 quas
558 2294 746 2356 intellectus
767 2296 972 2353 contueatur.
999 2294 1084 2369 Ergo
1108 2290 1157 2349 hic
1177 2288 1230 2349 dis·

234 2387 361 2443 cursus,
405 2378 568 2449 quatenus
605 2374 802 2449 principium
842 2371 1010 2449 quoddam
1050 2371 1231 2448 analyticum

232 2452 461 2512 imucediaturn
483 2452 634 2514 omnibus
649 2455 810 2529 pervium,
830 2457 862 2513 el
877 2451 1040 2529 judicium
1056 2448 1232 2527 empiricam

233 2528 304 2591 fere
333 2535 479 2591 omnium
504 2534 640 2607 planius
668 2533 829 2594 duntaxat
854 2532 1007 2609 exquirit,
1046 2529 1111 2590 dici
1146 2529 1232 2589 debet

235 2608 409 2671 facillimus
423 2615 480 2671 aut
494 2612 720 2688 primordialis.
1003 2670 1007 2677 ,

275 2691 346 2751 314.
371 2725 409 2733 -
431 2694 663 2753 corollarium.
689 2692 767 2752 lnde
788 2693 1003 2768 consequitur
1026 2690 1232 2766 cognitionem

236 2768 404 2831 existentis
419 2788 579 2849 suprema
602 2789 706 2834 causac
723 2774 788 2834 dici
809 2787 908 2847 posse
926 2774 954 2831 l⁰
968 2774 1091 2829 nntcrru
1105 2770 1175 2843 ipsu
1191 2769 1233 2826 in·

235 2850 333 2909 situm
348 2857 377 2911 et
390 2854 603 2927 congenitum,
622 2869 724 2929 quum
734 2852 880 2928 pendeat
895 2867 912 2910 a
930 2849 1076 2927 quodam
1090 2847 1233 2924 principio

238 2929 333 3007 cujus
368 2931 498 2991 habitus
532 2932 566 2991 in
593 2933 689 2994 nobis
715 2937 764 2992 est
790 2934 922 2991 innatus
951 2945 1053 2989 sensu
1088 2928 1233 3003 explicato

237 3006 288 3087 (ll,
304 3008 393 3085 273);
410 3013 443 3070 2⁰
457 3028 478 3071 a
483 3014 680 3086 primordio,
697 3009 860 3089 siquidem
876 3012 1042 3071 obtinetur
1055 3023 1116 3083 per
1126 3006 1233 3083 simpli·

238 3088 407 3149 cissimum
435 3095 555 3152 mentis
584 3091 778 3166 discursum,
806 3108 844 3151 ac
868 3107 927 3166 per
952 3086 1236 3149 considerationem

236 3166 445 3246 objectorum
460 3172 613 3232 omnibus
628 3173 770 3232 obviam.
793 3170 951 3234 Praetenea
972 3170 1003 3229 3ο
1026 3168 1132 3244 liquet
1154 3166 1238 3225 etiam

234 3247 322 3308 hanc
339 3250 563 3328 cognitionem
579 3265 788 3312 communem
804 3266 878 3311 esse
894 3250 1046 3310 omnibus
1059 3250 1116 3325 qui
1126 3248 1239 3306 ratione

233 3330 385 3405 utuntur,
416 3334 449 3390 et
475 3331 595 3392 exinde
619 3330 807 3408 praeoedere
831 3329 1010 3407 quamlibet
1039 3324 1239 3387 scientificum

235 3406 461 3486 reflexamque
478 3410 808 3482 demonstrationem;
828 3414 877 3470 est
899 3411 987 3470 enim
1000 3408 1101 3468 veluti
1126 3407 1237 3483 primus

236 3502 277 3547 ac
292 3491 497 3562 spontaneus
511 3492 651 3550 rationis
664 3495 774 3552 motus
789 3506 807 3549 a
829 3490 960 3567 cognito
977 3485 1020 3546 ad
1034 3485 1238 3564 incognitum.

224 3564 228 3571 “
281 3566 352 3626 315.
378 3599 416 3608 -
438 3568 616 3627 Scbotiurn.
643 3571 699 3629 llic
725 3568 892 3629 discursus
919 3568 1088 3633 naturalis,
1117 3569 1238 3640 sponta-

239 3658 336 3715 neus,
364 3649 475 3722 potest
509 3647 635 3724 analysi
662 3648 781 3726 subjici
810 3667 817 3707 :
854 3648 974 3708 exinde
1001 3644 1156 3721 formatis
1188 3658 1239 3704 seu
