2642 4209
227 217 287 275 218
533 200 709 276 saeviamus
732 231 934 273 millosorma

227 364 266 410 ac
290 345 428 425 proinde
453 347 526 425 ejus
536 347 694 421 perfectio
711 348 761 405 est
772 348 979 422 participata,
996 361 1034 405 ac
1049 361 1229 425 praesuppo-

227 430 276 489 nit
289 427 527 503 perfectionem
543 427 628 487 lianc
639 442 738 502 quam
751 429 927 486 mutuatur.
941 427 1025 503 Ergo
1039 427 1229 503 impossibile

228 509 432 569 estutDeus
446 510 489 568 sit
503 504 817 584 quomodocumque
834 509 1047 581 compositus
1282 510 1283 521 ¹

268 587 299 646 3⁰
321 587 353 647 Si
374 589 463 648 Deus
486 593 573 646 esset
596 586 806 660 compositus,
832 594 1086 661 componeretur
1108 602 1148 647 ex
1168 604 1230 663 par-

227 667 314 728 tibus
336 684 406 743 que
427 666 480 728 vel
502 673 613 727 essent
635 667 722 725 entia
744 670 942 737 necessaria,
965 666 1016 726 vel
1040 682 1108 726 non
1131 675 1231 731 essent

228 747 392 826 ejusmodi
436 748 534 808 entia.
577 746 674 822 Atqui
711 754 865 806 neutrum
895 744 957 807 dici
992 751 1103 821 potest
1135 767 1141 807 :
1172 764 1230 809 non

228 826 364 905 quidem
384 829 570 895 secundum,
594 842 669 903 qua
686 824 775 902 quod
798 826 1004 902 componitur
1026 842 1068 885 ex
1089 823 1182 889 finitis
1202 836 1230 890 et

229 908 494 985 contingentibus
528 909 644 982 nequit
685 920 759 965 esse
802 920 862 965 ens
895 908 1132 966 necessarium.
1166 908 1229 969 Non

228 986 328 1048 etiam
355 988 511 1062 petritum,
547 1002 624 1046 nam
656 986 685 1045 1⁰
715 987 781 1045 istae
812 991 920 1061 partes
955 990 1000 1046 lot
1030 991 1143 1047 essent
1173 989 1229 1060 Dii,

227 1082 289 1128 seu
310 1068 397 1127 entia
419 1066 619 1133 necessaria3
636 1063 798 1141 quidquid
821 1067 908 1125 enim
930 1072 980 1125 est
1001 1068 1227 1140 necessarium,
1283 1098 1284 1107 .

227 1161 361 1215 omnem
383 1145 651 1221 potentialitatem
675 1144 829 1214 excludit,
855 1148 888 1204 et
909 1153 959 1205 est
979 1151 1054 1205 actu
1083 1150 1181 1207 totum
1200 1148 1228 1208 id

227 1223 318 1303 quod
345 1241 419 1285 esse
449 1230 573 1301 potesl;
606 1226 638 1284 2⁰
668 1240 874 1302 unaquaque
909 1240 984 1300 pars
1021 1231 1110 1285 esset
1143 1229 1230 1287 simul

227 1321 304 1383 pars
331 1308 364 1364 et
386 1310 488 1365 totum
521 1325 529 1366 ς
562 1309 674 1375 toturn,
703 1311 866 1380 quatenus
890 1306 1092 1374 necessaria;
1116 1309 1228 1384 quippe

227 1402 304 1447 cum
324 1386 547 1445 necessarium
569 1384 781 1445 nullomodo
809 1387 911 1460 possit
942 1384 1115 1461 compleri;
1147 1402 1227 1461 pura,

227 1480 267 1528 eo
291 1468 367 1543 quia
390 1464 433 1524 ad
454 1471 602 1525 naturam
624 1465 684 1525 Dei
708 1462 915 1525 conflandam
937 1469 1157 1525 concurreret.

267 1544 423 1605 Praeterea
446 1547 474 1605 si
496 1542 646 1621 quedam
672 1551 796 1605 tantum
819 1547 930 1619 partes
952 1551 1063 1604 essent
1084 1560 1226 1606 necessa-

226 1624 291 1697 rie,
308 1624 376 1685 alie
396 1641 474 1685 vero
499 1626 739 1701 contingentes,
763 1620 910 1701 augescit
932 1623 1130 1695 absurditas3
1162 1642 1229 1685 con·
1284 1694 1285 1699 ἵ

228 1707 360 1783 tingens
394 1702 569 1782 perficeret
596 1705 833 1772 necessarium,
868 1711 900 1765 et
931 1705 1050 1765 exinde
1084 1720 1227 1767 necessa·
1284 1734 1285 1777 r

226 1786 309 1846 rium
331 1801 350 1844 a
373 1785 584 1860 contingente
607 1783 779 1859 penderet.
803 1784 898 1860 Ergo.

267 1863 364 1925 Prob.
389 1866 424 1925 ll.
447 1864 592 1938 Specioli
615 1867 722 1937 modo,
747 1878 868 1937 nempe
890 1879 950 1939 per
971 1864 1141 1943 analysim,
1162 1864 1227 1926 bre-

223 1943 388 2005 vissimam
403 1943 549 2020 quidem.
574 1948 719 2005 omnium
736 1944 979 2019 compositionis
998 1948 1192 2020 specierum.

263 2023 352 2082 Deus
375 2039 505 2083 ornnem
540 2024 823 2098 compositionem.
852 2032 925 2086 sive
958 2024 1137 2102 physicam,
1168 2025 1226 2086 sive

222 2103 483 2181 metaplrysicam
505 2101 658 2163 excludit.
683 2105 766 2181 Ergo
790 2109 840 2164 est
861 2106 991 2165 omnino
1014 2104 1161 2181 simplex.

263 2184 359 2242 Prob.
372 2186 558 2245 arctecedcns
573 2185 682 2259 quood
695 2186 839 2257 primam
860 2189 998 2257 purtem.
1016 2184 1227 2260 Composiium

223 2263 398 2340 physicum
420 2263 573 2323 coalescit
594 2266 661 2323 sive
695 2279 734 2323 ex
757 2264 888 2323 materia
914 2268 947 2323 et
967 2262 1082 2330 forma,
1106 2266 1171 2324 sive
1194 2281 1229 2325 ex

222 2341 373 2418 subJecto
404 2346 437 2403 el
460 2342 641 2413 accidente,
666 2344 735 2403 slve
758 2343 966 2419 expertibus
997 2343 1228 2422 integrantihus
1285 2392 1286 2395 η

224 2423 290 2497 (99,
312 2421 395 2498 437).
419 2424 520 2498 Atqui
541 2423 629 2482 Deus
652 2423 739 2484 hunc
763 2423 923 2500 triplicem
944 2423 1079 2484 modum
1102 2440 1227 2501 compo-

223 2503 349 2563 sitionis
369 2504 505 2577 respuit.
527 2503 680 2563 Etenim:

268 2586 296 2644 l⁰
318 2582 350 2642 Si
372 2584 460 2642 Deus
481 2587 646 2644 constaret
668 2600 707 2643 ex
728 2583 868 2641 materie
895 2586 923 2642 ct
942 2582 1065 2656 formo,
1090 2584 1228 2661 exigeret

226 2678 356 2722 causam
381 2660 589 2732 efficientem,
622 2679 693 2739 quse
715 2661 897 2735 materiam,
922 2678 1018 2723 exse
1041 2662 1224 2724 indifferen-

227 2745 294 2802 tem
324 2741 365 2802 ad
397 2758 495 2803 unam
526 2742 664 2803 formam
699 2743 808 2817 potius
830 2759 929 2819 quam
951 2742 992 2803 ad
1016 2744 1123 2811 aliam,
1145 2743 1227 2803 uniat

226 2837 301 2881 cum
336 2822 398 2883 hac
432 2820 548 2882 forma.
583 2823 668 2901 Ergo
690 2820 724 2881 in
751 2822 813 2881 lrac
844 2822 1029 2900 hypothesi,
1059 2826 1147 2885 Deus
1167 2838 1226 2884 non

226 2905 314 2961 esset
335 2917 394 2961 ens
417 2905 556 2977 primum
579 2908 612 2962 et
632 2920 650 2962 a
674 2917 722 2962 se.
745 2902 901 2964 Preterea
927 2906 1013 2961 esset
1043 2918 1224 2981 corporeus,

225 2997 264 3042 ac
287 2981 425 3055 proinde
457 2985 553 3042 certis
583 2981 739 3041 limitibus
772 2982 1050 3057 circumscriptus;
1088 2986 1226 3060 insuper,

224 3058 341 3121 saltem
373 3060 484 3136 quoad
514 3060 695 3129 materiam,
728 3068 817 3123 esset
850 3078 909 3122 ens
942 3063 1172 3137 participatum
1200 3066 1228 3123 el

224 3140 415 3216 potentiale.
439 3156 516 3201 nam
537 3142 674 3202 materia
695 3142 877 3218 concipitur
890 3146 926 3201 ut
947 3157 1021 3217 pars
1040 3141 1228 3203 determina-

222 3218 308 3289 bilis,
332 3235 370 3279 ac
393 3220 531 3295 proinde
555 3222 587 3281 in
608 3221 754 3298 potentia
775 3228 932 3298 respectu
953 3220 1073 3283 forme.

264 3300 296 3359 2⁰
317 3298 348 3359 Si
378 3305 544 3361 constaret
565 3316 607 3361 ex
636 3302 775 3375 subjecto
805 3307 838 3363 et
862 3302 1031 3371 occidente,
1065 3304 1155 3362 esset
1177 3316 1229 3362 ens

224 3378 454 3457 participatum
476 3387 509 3441 et
529 3378 773 3457 imperfectum
798 3379 952 3443 accidens
979 3382 1065 3441 enim
1088 3382 1231 3442 essentia

224 3457 377 3536 adjicitur
397 3464 433 3518 ut
455 3460 528 3537 ejus
551 3461 840 3536 complementum,
865 3466 899 3523 et
919 3460 1039 3521 exinde
1060 3461 1148 3521 lianc
1169 3458 1229 3521 affi-

225 3538 269 3598 cit
290 3542 477 3608 essentlam
502 3539 553 3597 cui
576 3537 699 3615 aliquid
721 3537 814 3600 deest
835 3542 868 3599 in
890 3557 1015 3619 genere
1038 3541 1134 3602 entis.
1149 3540 1229 3601 Prae·

225 3619 317 3677 terea
339 3617 480 3678 essentia
502 3617 545 3678 ad
565 3618 720 3679 accidens
742 3634 778 3680 se
799 3619 899 3683 habet
919 3622 1003 3681 sicut
1023 3620 1171 3698 potentia
1190 3620 1228 3683 ad
