2642 4209
193 236 253 314 288
506 251 687 316 nnnvrnrunn
709 250 911 295 ruinosornnn

228 370 338 423 Tussis
362 366 396 423 ll.
417 364 510 421 Ratio
526 365 610 419 entis
628 365 855 435 propriissime
876 366 938 420 Deo
960 364 1122 436 competit:

194 443 271 495 Deus
290 439 371 494 euim
391 439 439 491 est
458 451 511 500 ens
531 450 604 506 ase,
625 436 712 505 cujus
736 437 866 491 essentia
884 438 931 491 est
953 438 1028 491 actu
1046 443 1121 492 esse.

193 508 299 567 Sobol.
324 511 401 563 Deus
426 522 486 563 uon
514 509 561 563 est
588 508 688 577 ipsum
712 521 777 563 esse
801 508 957 577 acceptum
979 506 1010 562 in
1034 521 1124 563 sensu

194 579 443 636 Pantheistarum.
1155 580 1205 637 213
1267 607 1268 618 κ

229 648 655 707 Tuusislll.Existentiaest
674 647 1032 715 deessentiaDei,nam
1046 652 1123 705 Deus
1189 682 1191 689 ‹
1268 666 1269 681 ³

194 722 311 792 concipi
323 721 428 793 nequit
441 733 501 775 non
515 721 655 775 existens,
730 784 733 789 ¹
1155 722 1204 778 alt
1268 768 1269 773 ,

229 796 341 849 Tussis
359 794 405 848 lV.
424 792 507 846 Dens
521 794 565 844 est
580 788 744 861 infinitus,
764 792 868 861 utpote
886 790 998 847 nullam
1012 790 1123 848 habens

195 862 458 934 imperfectionem,
485 875 538 916 seu
561 860 778 917 limitationem.
805 860 908 917 Corot.
937 864 1016 932 Ergo
1044 865 1122 919 Dens

195 936 329 991 continet
343 946 445 988 omues
459 931 666 1002 perfectiones,
1154 936 1203 991 214

230 1007 273 1061 De
296 1004 429 1061 unitate.
450 1006 560 1059 Tussis
580 1004 612 1057 V.
633 1003 716 1056 Dens
735 1003 854 1058 unicus
873 1006 926 1059 est.
950 1002 1028 1059 Nam
1046 1006 1122 1061 Deus

196 1080 242 1133 est
270 1087 361 1130 causa
386 1073 493 1144 prirna,
523 1073 609 1141 cujus
638 1074 784 1129 unitatem
814 1076 944 1143 arguunt
968 1076 1122 1131 consensio

195 1150 310 1202 naturae
333 1148 442 1199 creatae
463 1149 494 1199 et
516 1142 686 1199 absurditas
705 1144 843 1200 dualismi
867 1147 897 1199 et
920 1145 1126 1215 polytbeismi..

195 1216 302 1274 Sobel.
327 1215 510 1285 Principium
534 1214 645 1269 malurn
669 1216 900 1271 Manicbaeorum
922 1218 1124 1286 pugnantibus

196 1290 274 1344 inter
288 1300 320 1341 se
338 1286 529 1356 conceptibus
543 1285 693 1340 coalescit.
1156 1287 1206 1345 215

230 1360 273 1413 Dc
294 1356 502 1427 simplicitate
521 1358 630 1411 Tussis
651 1357 695 1412 Vl.
716 1357 798 1411 Dens
817 1360 862 1413 est
885 1356 1026 1413 absoluto
1044 1360 1124 1414 sirn-

194 1428 279 1499 piex.
295 1428 388 1484 Prob.
404 1430 424 1483 Ι.
445 1427 636 1483 Generatim:
655 1429 683 1483 1⁰
703 1428 875 1499 simplicitas
894 1431 941 1484 est
954 1430 1098 1500 perfectio
1114 1448 1120 1485 ε

196 1502 297 1571 itaque
325 1502 373 1555 est
399 1500 430 1553 iu
456 1501 530 1570 Deo;
555 1501 586 1551 2⁰
614 1499 811 1569 compositum
839 1501 944 1570 nequit
972 1514 1038 1555 esse
1072 1516 1124 1557 ens

196 1572 342 1643 primum3
362 1570 392 1625 3ο
410 1573 523 1640 partes,
545 1568 653 1638 qulbus
670 1570 850 1625 coalesceret
869 1574 957 1641 Dens,
974 1575 1125 1641 nequeunt

197 1657 264 1698 esse
290 1642 372 1697 entia
399 1641 575 1711 necessaria,
601 1654 699 1711 neque
727 1642 938 1710 contingentia.
973 1644 1061 1711 longo.
1091 1672 1125 1685 -

197 1712 291 1768 Prob.
306 1715 338 1767 ll.
354 1711 525 1782 specialiori
540 1710 627 1765 modo
644 1728 651 1764 ι
673 1714 749 1765 Dens
766 1712 896 1768 excludit
910 1727 1028 1769 omnem
1043 1728 1124 1769 com-

197 1784 385 1855 positionem,
402 1783 465 1837 sive
484 1781 653 1853 physicam
674 1797 710 1837 ex
725 1784 849 1838 materia
865 1786 896 1838 et
913 1784 1019 1852 forma,
1041 1814 1075 1837 ¹¹¹9
1089 1800 1126 1841 ex

199 1855 332 1924 subjecto
348 1852 379 1908 et
397 1852 559 1921 accidente,
574 1853 759 1923 expertibus
780 1854 923 1925 physicis;
947 1856 1010 1911 sire
1025 1859 1124 1912 meta-

197 1926 378 1998 physicam,
403 1938 440 1978 ex
463 1926 572 1992 genere
590 1926 621 1977 et
639 1923 816 1995 differentia,
837 1954 870 1966 -
894 1940 931 1981 ex
949 1928 1079 1983 essentia
1095 1930 1126 1984 et

200 2010 276 2065 esse,
292 2024 326 2036 -
343 2010 380 2049 ex
394 1996 503 2049 natura
521 1996 552 2048 et
566 1994 729 2064 supposito.
747 1994 855 2051 Schot.
871 1998 1000 2053 Trinitas
1017 2013 1123 2071 perso-

200 2081 306 2124 narum
321 2066 432 2121 nullam
446 2064 560 2121 inducit
574 2065 816 2136 compositionem
828 2067 857 2121 in
872 2071 941 2123 Deo.
1158 2073 1207 2129 217

577 2180 775 2238 ARTIGULUS
793 2184 836 2237 III.

466 2272 506 2321 De
523 2272 693 2320 constitutivo
709 2274 831 2323 essentioe
852 2275 962 2325 divinae.

238 2365 372 2425 Tsseutia
393 2363 424 2418 in
453 2361 600 2417 creaturis
624 2352 785 2432 tripliciter
811 2364 992 2425 considerari
1016 2370 1125 2437 potest.

202 2435 255 2491 Hic
277 2436 377 2505 agitur
396 2434 433 2488 de
451 2435 592 2500 essentia,
617 2448 684 2501 quae
709 2434 926 2505 rnatepbpsice
949 2439 1124 2509 appellatur.
1160 2441 1210 2495 220

237 2507 269 2560 ln
300 2502 525 2562 determinanda
558 2504 745 2573 proprietate
778 2504 888 2577 divina,
926 2524 993 2579 quac
1025 2510 1128 2565 haberi

201 2576 296 2651 possit
316 2581 351 2632 ut
375 2575 504 2632 essentia
531 2574 745 2647 metaphysica,
769 2580 840 2633 sunt
863 2578 943 2635 inter
966 2580 1128 2652 Theologos

202 2654 265 2704 tres
278 2647 435 2723 precipuae
450 2646 616 2700 sententiae.
1161 2655 1207 2709 221

238 2720 348 2777 Tussis
376 2725 396 2777 l.
420 2716 568 2784 Essentia
594 2714 651 2769 Dei
681 2716 898 2788 metaphysica
927 2723 1072 2777 consistit
1090 2723 1127 2778 in

202 2785 338 2852 ascitete.
362 2792 435 2849 Huic
447 2786 527 2862 enirn
540 2786 717 2856 perfectioni
727 2790 919 2847 conveniunt
936 2806 1040 2848 omues
1055 2809 1128 2849 con-

202 2865 329 2921 ditiones
356 2860 494 2919 essentiae
521 2858 741 2928 metaphysicee.
779 2861 879 2919 dorni.
903 2866 981 2919 Dens
1007 2866 1129 2937 proprie

203 2934 319 2991 definiri
334 2934 445 3006 nequit.
659 2999 666 3011 .
1163 2940 1210 2993 222

237 3010 347 3062 Tussis
359 3008 391 3060 ll.
408 3002 584 3069 Conceptus
598 3003 682 3055 antas
697 3015 716 3053 a
733 3014 776 3071 se,
797 3003 854 3073 qni
868 3003 963 3073 justa
982 3008 1129 3063 nostrum

202 3075 408 3146 concipiendi
447 3072 593 3142 modurn,
632 3070 765 3126 liabetur
806 3076 843 3129 ui
882 3075 963 3132 ratio
1006 3080 1130 3135 natura

201 3147 321 3204 diuinae
340 3144 553 3212 constitutine,
576 3140 673 3211 plane
693 3142 801 3211 differt
819 3145 951 3201 abidae
970 3148 1051 3203 entis
1070 3150 1130 3205 sub

202 3235 265 3290 qua
282 3218 492 3287 intellipirnns
512 3212 670 3284 quidquid
691 3216 900 3283 concipimus.
921 3220 995 3274 Nam
1016 3222 1045 3276 1⁰
1063 3235 1130 3277 esse

202 3290 335 3347 divinum
353 3292 474 3346 estesse
489 3285 651 3355 singulare,
663 3287 694 3339 2⁰
710 3282 951 3357 determinatum,
961 3292 1016 3345 etc.
1164 3292 1213 3349 223

614 3398 741 3462 CAPUT
762 3399 813 3463 ΙΙΙ.

592 3533 632 3576 ne
651 3504 839 3579 arrnmorrs.

241 3630 425 3685 attributum
446 3624 632 3709 strictissime
656 3631 809 3701 sumptum
830 3634 876 3691 est
898 3636 1043 3707 perfectio
1057 3640 1149 3697 sim-,-
