2642 4209
364 264 445 326 36
771 302 777 306 -
807 269 809 272 ’
961 277 1319 321 nimvmamm
1362 272 1765 318 PHILOSOPHIAE

364 401 456 468 et,
547 408 710 472 qua-
757 390 1126 463 accidente,
1175 407 1283 452 res
1356 405 1673 467 corporea
1742 389 1967 466 incipit
2048 404 2199 450 esse
2258 388 2407 450 talis

362 471 748 537 substantia.
820 472 926 531 llla
970 487 1124 547 pars
1166 474 1437 531 vocatur
1479 468 1690 530 forma
1745 470 2209 531 substantialis.

391 582 403 589 -
449 556 512 615 2⁰
583 548 864 627 Corpora
927 552 1245 611 naturalia
1296 551 1471 609 inter
1530 564 1603 609 se
1672 548 1982 610 differunt
2035 547 2410 610 secundum

365 636 662 712 speciem
715 630 1234 701 substantialem,
1299 634 1368 688 et
1432 628 1557 690 hoc
1598 629 1668 688 in
1732 628 2031 689 confesso
2077 633 2179 689 est
2231 627 2413 706 apud

369 728 634 783 onlnem
672 726 868 787 porro
912 710 1005 771 sic
1050 726 1184 771 non
1225 712 1507 785 possunt
1550 707 1815 769 differre
1875 706 2245 769 secundum
2292 724 2403 768 so-

373 797 497 853 lam
545 791 907 861 materiam,
953 806 1094 867 quac
1137 790 1205 849 in
1248 789 1577 859 omnibus
1605 793 1741 864 ⁸aut
1792 794 1968 849 certo
2024 791 2089 849 in
2139 789 2409 865 quibus·

373 877 525 933 llam
565 872 827 933 entibus
869 870 1096 945 specie
1165 867 1462 941 diversiS,
1510 872 1613 928 est
1669 867 1926 940 eadem,
1984 873 2059 929 ut
2117 865 2411 928 fatentur

373 952 651 1013 *fllitllissL

453 1041 513 1089 Α·
573 1037 635 1091 ln
716 1032 948 1107 quovis
1013 1027 1376 1104 composito
1439 1026 1871 1098 substantiali,
1940 1030 2002 1086 ei
2058 1024 2411 1091 manifesto

377 1117 437 1169 in
521 1112 890 1185 compositis
962 1106 1482 1185 perfectioribus
1547 1122 1671 1168 seu
1738 1107 2128 1179 viventibuS,
2219 1106 2416 1168 datur

377 1191 761 1266 [fin-incipiuni
830 1204 1032 1248 unum
1114 1186 1294 1265 quod
1359 1190 1462 1246 est
1529 1187 1716 1247 radix
1784 1187 2261 1263 proprietatum
2347 1191 2416 1248 et

373 1270 831 1345 {litterationum
899 1286 912 1327 :
978 1267 1103 1327 hoc
1169 1268 1473 1327 constare
1533 1267 1600 1325 in
1679 1267 2120 1328 animanlibus
2177 1270 2417 1343 postea

377 1349 837 1425 pmliabimus3
888 1352 948 1407 et
998 1346 1215 1423 quoad
1257 1347 1665 1425 inorganica,
1712 1346 1836 1405 hoc
1860 1347 2134 1408 resultat
2172 1361 2253 1406 ex
2295 1361 2412 1406 eo-

377 1449 525 1489 rum
569 1429 813 1488 unitate
858 1426 1270 1488 substantiali
1314 1430 1383 1486 et
1445 1442 1527 1486 ex
1598 1426 2045 1487 constantibus
2113 1427 2415 1502 proprie-

381 1513 614 1569 tatibus
667 1523 749 1566 ex
795 1507 918 1568 hac
958 1504 1459 1583 profluentibus
1488 1504 1619 1566 Sed
1650 1506 2044 1581 principium
2080 1505 2241 1566 illud
2273 1506 2418 1566 uni-

377 1593 521 1649 tatis
553 1586 995 1648 substantialis
1017 1591 1084 1647 et
1100 1587 1578 1662 proprietatum
1611 1585 2047 1645 constantium
2077 1602 2154 1647 ac
2205 1585 2418 1661 speci-

381 1669 650 1729 rit-earum
708 1667 935 1743 nequit
989 1681 1136 1726 esse
1194 1666 1489 1736 materia,
1554 1681 1695 1743 quae
1739 1671 1839 1725 est
1897 1663 1981 1725 de
2029 1680 2103 1725 se
2156 1665 2417 1728 indiffe-

381 1765 537 1805 wus
609 1745 694 1806 ad
760 1760 1028 1806 omnem
1059 1745 1491 1808 substantiam
1538 1760 1946 1820 corpoream.
2002 1747 2171 1824 Ergo
2223 1746 2419 1805 datur

385 1826 824 1886 substantialis
865 1824 1096 1887 forma.

461 1909 557 1965 till.
631 1905 870 1965 coron.
903 1937 981 1947 -—
1024 1906 1116 1965 Ex
1156 1903 1257 1964 his
1302 1904 1501 1964 eliam
1538 1904 1838 1979 sequitur
1867 1904 2099 1978 plures
2158 1905 2420 1980 formas

385 1985 848 2045 stilistantiales
908 1985 1295 2045 naturaliter
1364 2000 1514 2044 esse
1581 1998 1717 2042 non
1781 1998 1981 2059 posse
2048 1984 2118 2044 in
2179 1984 2420 2044 eadem

385 2065 656 2125 materia
718 2084 731 2124 :
786 2063 988 2143 quod,

469 2144 650 2218 [fans.
714 2147 771 2204 l⁰
831 2143 983 2220 quia
1031 2143 1306 2202 materia
1364 2140 1769 2203 sufficienter
1825 2140 2303 2203 determinatur
2352 2146 2423 2204 et

389 2224 755 2297 vmnpletur
811 2240 933 2299 per
976 2239 1179 2283 unam
1233 2220 1543 2293 formam;
1608 2223 2026 2283 constituitur
2100 2223 2274 2282 enim
2349 2223 2422 2283 in

389 2305 635 2365 rati-me
714 2304 859 2364 talis
938 2304 1335 2363 substantiae.
1406 2301 1603 2362 Porro
1692 2301 1874 2379 quod
1938 2301 2204 2362 advenit
2267 2302 2422 2363 sub-

385 2385 633 2443 alantiae
669 2383 1007 2459 completae
1047 2387 1151 2443 est
1206 2379 1540 2441 accidens.
1597 2382 1662 2440 20
1719 2382 1783 2441 Si
1821 2379 2029 2441 forma
2078 2387 2259 2443 esset
2306 2398 2424 2459 ap·

389 2469 445 2521 ta
513 2464 591 2521 asi
650 2460 1102 2538 recipiendam
1157 2462 1353 2521 aliam
1395 2460 1918 2532 substantialem,
1983 2467 2159 2521 esset
2215 2465 2422 2523 mate-

389 2545 497 2605 rial,
549 2558 671 2604 seu
712 2558 952 2601 munus
996 2542 1304 2617 potentiae
1348 2540 1798 2601 substantialis
1848 2540 2147 2612 haberet,
2212 2547 2279 2602 et
2326 2544 2424 2604 sic

389 2629 565 2681 esset
621 2621 834 2692 simul,
882 2618 1105 2697 quoad
1165 2635 1312 2681 esse
1344 2619 1799 2687 substantiale,
1832 2627 2017 2682 actus
2077 2626 2143 2681 et
2192 2624 2423 2699 poten-

393 2703 497 2761 tia,
561 2704 622 2761 3⁰
678 2700 742 2760 Si
796 2699 1020 2777 plures
1077 2703 1302 2760 essent
1364 2698 1585 2759 formae
1634 2701 2096 2762 substantiales
2150 2701 2220 2762 in
2287 2716 2425 2761 uno

393 2781 764 2855 etatemque
824 2779 1184 2855 composito
1249 2778 1679 2849 substantiali,
1746 2779 1910 2840 illud
1974 2784 2153 2841 esset
2228 2779 2431 2843 simul

393 2865 457 2921 ot
513 2859 633 2918 sub
692 2856 933 2919 eodem
988 2863 1299 2936 respectu
1346 2874 1556 2919 unum
1613 2863 1680 2918 et
1724 2860 2068 2938 multiplex
2119 2879 2133 2921 ε
2184 2874 2427 2935 reapse

393 2957 521 2997 rum
581 2938 937 2999 haberetur
993 2938 1360 2999 substantia
1422 2955 1576 2998 una.
1640 2937 1774 2997 Sed
1817 2941 2084 3016 quaestio
2145 2940 2229 3001 de
2272 2939 2431 3000 uni-

389 3025 513 3077 msa
581 3017 800 3078 formae
858 3017 1327 3090 substantialiS‚
1397 3034 1540 3095 quae
1608 3034 1787 3079 nunc
1861 3020 2162 3099 generali
2224 3018 2427 3081 modo

389 3101 680 3167 solvitur,
751 3113 901 3157 cum
969 3113 1187 3160 sermo
1268 3098 1391 3158 erit
1459 3096 1542 3158 de
1617 3098 1989 3160 viventibus
2067 3099 2427 3176 corporeiS,

393 3178 787 3253 specialibus
830 3178 1241 3253 argumentis
1297 3175 1810 3238 confirmabitur.
2143 3176 2148 3182 “

465 3261 569 3317 til.
625 3258 776 3317 Sch.
809 3290 888 3301 —
911 3256 1094 3319 Unde
1117 3260 1306 3333 patet
1331 3253 1577 3316 formas
1610 3258 2092 3319 elementorum
2120 3272 2257 3320 non
2292 3274 2431 3319 ma-

393 3353 549 3397 nere
595 3333 958 3397 formaliter
1004 3338 1072 3395 in
1118 3338 1328 3397 mioeto
1371 3356 1392 3395 .·
1435 3351 1629 3397 secus
1676 3337 1954 3398 mixtum
1998 3341 2177 3399 esset
2221 3354 2435 3399 unum

393 3433 509 3477 aas
588 3432 711 3493 per
774 3413 1107 3486 accidenS‚
1179 3432 1302 3476 seu
1388 3415 1570 3492 quod
1650 3431 1786 3477 non
1857 3418 2135 3479 haberet
2203 3432 2435 3479 veram

393 3500 711 3557 miltatem
753 3495 1274 3556 substantialem.
1334 3495 1512 3554 Hanc
1568 3496 1966 3557 sententiam
2020 3500 2260 3559 acriter
2311 3500 2433 3560 im-

397 3580 694 3653 pugnant
728 3572 798 3633 P.
841 3571 1139 3635 Ramiere
1181 3578 1248 3635 et
1285 3574 1364 3633 D.
1402 3571 1729 3648 Fredault,
1780 3576 1931 3653 quia
1977 3581 2156 3637 esset
2197 3591 2437 3639 aversa

393 3673 429 3713 a
501 3657 683 3715 recta
757 3652 1168 3729 experientia
1240 3651 1567 3731 factisque
1642 3655 1953 3717 indubiiS.
2037 3654 2173 3717 Sed
2247 3656 2429 3737 ejus-
