2642 4209
226 255 267 318 92
535 275 716 318 unnvmuum
737 269 939 328 rnunsornte

225 390 395 460 versione,
420 388 510 465 atqui
534 389 705 451 exstinctio
729 385 828 446 animi
849 401 869 445 a
890 387 959 445 Deo
982 393 1119 463 peracta
1148 389 1182 446 1⁰
1199 401 1246 444 ra-

225 469 351 530 tionem
372 465 589 528 sufficientem
611 468 798 528 1100110112ο
821 465 965 526 debitam
987 467 1112 540 ordinis
1140 481 1248 526 mora-

225 549 265 609 lis
287 548 492 608 sanctionem
515 548 712 610 destrueret.
736 548 821 623 Ergo
845 546 916 604 talis
939 547 1095 608 extinctio
1112 561 1249 624 compo-

225 629 260 690 ni
281 627 397 704 nequit
420 643 497 687 cum
517 629 641 707 justitia
665 633 697 689 et
720 624 923 704 providentia
948 627 1067 701 divina.

269 709 298 770 10
330 707 449 768 Anitnae
472 708 659 768 annihilatio
693 709 853 765 rotronem
876 707 1096 780 sufficientem
1120 704 1247 767 ordinis

225 787 358 849 moralis
395 787 536 860 tolieret,
572 803 649 847 narn
684 789 718 846 in
748 787 809 845 hac
839 786 905 844 vita
936 802 1046 863 neque
1079 787 1247 862 reperitur
1292 834 1294 855 ,

226 867 393 943 premium
415 867 495 926 illud
512 884 576 943 quo
592 867 798 928 remunerari
821 865 946 924 debent
966 883 1077 926 utores
1098 867 1243 937 honesti,
1292 862 1294 919 1

226 963 337 1024 neque
358 949 472 1006 vitium
496 947 614 1007 debitis
635 946 743 1022 poenis
764 945 929 1021 plectitur.
954 942 1103 1006 Profecto
1125 947 1162 1005 in
1183 946 1244 1006 hac

225 1025 337 1104 fugaci
357 1026 424 1086 vita
451 1027 589 1088 inveniri
611 1028 727 1103 nequit
748 1025 829 1084 ratio
852 1023 1019 1084 sufficiens
1039 1031 1076 1086 ut
1101 1031 1244 1086 mortem

228 1109 302 1184 quis
342 1111 501 1182 praeoptet
530 1110 742 1184 potiusquam
774 1103 899 1165 ordinis
927 1105 1060 1165 moralis
1091 1107 1245 1167 violatio·
1292 1132 1294 1201 q

226 1203 316 1246 nem.
340 1187 424 1262 Ergo
446 1187 479 1246 in
501 1187 562 1247 hac
587 1187 651 1247 vita
680 1202 748 1246 non
773 1186 938 1260 reperitur
963 1185 1045 1247 ratio
1075 1185 1242 1247 sufficiens
1292 1210 1294 1269 ς

227 1267 352 1326 ordinis
374 1267 516 1326 moralis.
1043 1307 1049 1318 .
1292 1272 1294 1355 j

266 1348 298 1406 2⁰
313 1349 347 1406 ln
362 1347 424 1406 hoc
440 1364 505 1407 aevo
520 1345 611 1405 labili
625 1361 692 1404 non
710 1343 806 1403 datur
834 1342 943 1402 dehita
960 1344 1084 1405 ordinis
1112 1346 1244 1406 moralis
1292 1368 1294 1417 t

226 1428 359 1496 00110110,
382 1429 419 1486 111
434 1430 562 1486 constat
577 1441 618 1484 ex
631 1423 716 1485 iacto
733 1443 739 1481 ε
758 1429 918 1483 nocentes
929 1425 1017 1484 enim
1026 1423 1243 1502 flagitiosique
1292 1424 1294 1493 l

224 1505 377 1566 homines
392 1506 488 1566 bonis
503 1504 681 1581 aliquando
705 1501 857 1575 affluunt,
884 1501 960 1562 dum
982 1505 1078 1579 probi
1094 1510 1128 1565 et
1142 1507 1243 1566 sancti
1292 1498 1294 1577 l

206 1585 326 1647 ‘vitam
349 1601 521 1660 poenarum
548 1587 678 1660 plenam
696 1583 833 1662 degunt.
849 1583 1008 1644 Praeterea
1028 1586 1120 1644 nulla
1144 1588 1240 1646 etiam
1292 1586 1294 1665 l

225 1666 406 1726 haberetur
433 1665 514 1726 ratio
530 1669 567 1724 ut
582 1666 654 1742 quis
668 1663 829 1742 flagitium
846 1667 880 1723 et
900 1663 1009 1724 scelus
1032 1667 1242 1741 quantumvis
1292 1672 1294 1763 j

225 1747 369 1807 immane
398 1761 465 1806 non
494 1745 595 1823 eligat
623 1745 834 1822 potiusquam
861 1747 1013 1804 mortem.
1037 1747 1124 1822 Ergo
1146 1745 1241 1806 animi
1292 1766 1294 1827 5

225 1826 416 1886 annihilatio
434 1831 546 1886 contra
563 1827 622 1886 Dei
643 1823 805 1902 justitiam
821 1827 854 1883 et
868 1822 1105 1898 providentiam
1126 1841 1239 1900 pecca·
1292 1836 1294 1907 j

225 1909 287 1976 ret,
306 1911 339 1966 et
354 1905 475 1966 exinde
487 1906 575 1964 Deus
590 1906 676 1964 velle
691 1904 807 1980 nequit
820 1903 906 1964 hanc
922 1903 1192 1964 destructionem.
1292 1910 1294 1989 t

266 1984 335 2045 Haec
351 1989 546 2064 argumenta
563 2001 632 2062 qum
648 1984 825 2059 exjustitia
841 1983 1093 2060 etprovidentia
1109 2001 1238 2044 sumun·
1292 1994 1294 2063 ξ

225 2068 288 2135 1111,
302 2082 370 2126 11011
381 2066 479 2125 1110110
496 2066 640 2125 animam
655 2063 846 2142 aliquandiu
862 2080 935 2124 esse
947 2065 1074 2140 corpori
1086 2065 1239 2140 supersti·
1292 2074 1294 2141 t

220 2147 293 2226 tem
308 2145 459 2221 probant,
477 2144 537 2204 sed
554 2161 627 2204 eam
641 2161 760 2220 reapse
781 2160 856 2204 esse
879 2144 1098 2204 immortalem
1111 2147 1239 2220 planum
1292 2176 1294 2209 r

225 2222 348 2284 faciunt
364 2243 370 2282 :
386 2241 462 2284 nam
478 2225 504 2284 si
522 2230 697 2300 postquam
714 2226 841 2297 corpori
856 2223 1047 2299 aliquandiu
1058 2223 1237 2301 superfuis-
1292 2216 1294 2297 ἶ

225 2308 288 2376 set,
319 2305 557 2373 destrueretur,
589 2307 696 2363 metus
724 2303 823 2381 hujus
839 2301 1078 2366 annihilationis
1093 2305 1239 2365 acerbior
1292 2314 1294 2377 ξ

226 2389 317 2446 esset
345 2401 443 2461 quam
469 2385 502 2444 in
517 2385 578 2444 hac
600 2387 668 2446 vita
691 2385 805 2444 mortis
820 2381 969 2453 formido,
997 2383 1146 2461 ideoque
1161 2384 1238 2445 ordo
1292 2380 1294 2419 ³

224 2465 358 2526 moralis
385 2466 480 2526 etiam
506 2468 634 2523 careret
656 2466 784 2524 ratione
809 2460 981 2524 sufficienti
1005 2465 1238 2537 etsanctione;
1292 2530 1294 2546 Ι

225 2544 333 2604 anima
360 2547 445 2604 enim
471 2545 533 2604 hoc
556 2560 679 2618 pavore
704 2559 862 2618 oppressa
886 2557 1055 2619 nunquam
1069 2544 1194 2621 gaudio
1210 2550 1240 2606 et
1292 2554 1294 2595 i

224 2625 388 2684 honarum
413 2625 577 2683 actionum
593 2621 750 2683 mercede
764 2621 942 2695 frueretur,
967 2623 1032 2684 imo
1047 2623 1238 2701 ingentibus
1292 2650 1294 2655 ·

226 2705 388 2778 angustiis
411 2707 630 2778 premeretur.
665 2704 711 2764 Ex
741 2704 847 2763 altera
870 2707 975 2779 parte,
1004 2701 1030 2761 si
1054 2704 1142 2764 Deus
1164 2705 1239 2765 huic
1292 2734 1294 2763 ;

225 2785 338 2844 animae
374 2784 459 2843 hanc
496 2781 639 2843 futuram
675 2784 898 2844 interitionem
927 2783 1105 2851 occuleret,
1135 2787 1238 2860 ipsam
1292 2782 1294 2843 ἓ

223 2878 339 2924 revera
355 2863 538 2940 deciperet,
556 2868 590 2935 et
604 2863 651 2922 sic
666 2863 829 2924 mendacii
842 2867 1048 2940 argueretur.
1064 2865 1183 2941 Ergo:
1292 2884 1294 2935 ς

263 2943 436 3004 Probatur.
456 2945 504 3002 ll0.
522 2945 600 3004 Huic
616 2948 811 3020 argumento
827 2943 974 3020 generali
987 2947 1024 3002 et
1042 2944 1144 3019 plane
1160 2960 1235 3019 apo-
1292 3008 1294 3017 ,

225 3022 343 3084 (1101100
372 3021 449 3083 addi
469 3028 583 3098 posset
609 3023 691 3082 illud
716 3022 805 3099 quod
830 3025 1050 3084 excommuui
1072 3023 1240 3084 hominum
1292 3076 1294 3091 ,

225 3117 391 3162 consensu
419 3102 602 3164 deducitur.
636 3100 760 3162 Omnes
789 3103 877 3163 enim
905 3103 1021 3180 populi
1048 3101 1110 3163 hac
1145 3104 1178 3162 in
1204 3118 1238 3163 re
1292 3114 1294 3169 g

223 3197 358 3260 prorsus
387 3185 608 3253 consentiunt,
638 3187 675 3241 ut
704 3186 832 3242 constat
854 3199 895 3242 ex
920 3184 1102 3244 innumeris
1122 3197 1237 3242 monu-

222 3264 353 3332 mentis,
383 3279 414 3324 v.
431 3281 478 3341 g.,
501 3264 629 3330 ritibus,
647 3261 900 3338 expiationibus,
918 3266 992 3334 etc,
1013 3279 1072 3337 pro
1092 3263 1238 3333 mortuis,
1292 3296 1294 3323 ÷

225 3342 418 3404 testimoniis
441 3344 667 3405 historicorum
680 3345 713 3402 et
727 3342 1011 3418 philosophorum,
1042 3345 1105 3402 etc.
1120 3341 1239 3402 Omnes
1292 3350 1294 3403 t

224 3421 312 3482 enim
329 3421 440 3498 quide
469 3421 628 3483 industria
645 3427 678 3480 et
699 3420 741 3482 ob
755 3420 938 3482 futurarum
953 3419 1121 3497 poenarum
1145 3422 1237 3482 timo·
1292 3463 1294 3479 .

222 3517 307 3572 rem,
337 3517 454 3562 verum
483 3517 520 3560 ac
548 3501 700 3561 naturale
727 3501 862 3561 rationis
886 3500 1053 3562 dictamen
1073 3516 1238 3578 nouprae-

222 3577 345 3652 locant,
360 3580 446 3639 hanc
460 3579 631 3640 veritatem
652 3577 859 3654 profitentur.
1292 3604 1294 3607 ·

266 3658 334 3722 141.
352 3691 390 3704 ·-
405 3659 583 3720 scholium.
612 3659 658 3719 lix
682 3656 778 3719 dictis
802 3657 845 3719 de
869 3657 1111 3720 immortalitate
1126 3657 1237 3719 anima
1292 3692 1294 3715 2
