2642 4209
167 238 207 296 52
473 252 650 296 serviantur
669 252 870 295 rnltosornmr

167 361 283 421 eadem
309 364 432 420 ratione
457 376 493 420 ac
517 359 622 421 anima
643 366 797 430 numanam
814 361 878 421 imo
894 345 1007 421 animae
1021 363 1183 422 sensitivae

165 440 319 501 videntur
335 439 431 499 educi
447 456 465 500 e
480 442 626 515 potentia
645 443 795 510 materiae,
817 457 884 502 non
905 458 1002 501 secus
1022 458 1058 501 ac
1073 440 1183 502 formae

164 518 397 660 substantiales
422 520 619 597 vegelelium
639 534 676 578 ac
697 521 910 596 minoratum,
933 522 1008 581 licei
1031 522 1183 583 nobiliori

164 616 216 659 mo
244 616 275 659 o.
707 640 712 649 .

162 728 454 793 87.,.-*rnas1s1v.
472 732 587 790 Aatmo
609 730 781 791 brutorum
801 748 844 790 ecc
864 747 898 791 se
920 739 942 791 a
964 746 1102 805 corpore
1123 733 1182 790 de-

201 812 317 882 percat
339 812 374 871 tn
396 812 569 870 eatstcncto

205 939 297 1001 Nota.
320 942 355 1001 ln
373 942 433 1001 hac
450 940 532 1000 thesi
542 938 740 1015 affirmamus
756 941 893 1001 animam
908 940 1059 1017 pendere
1075 958 1093 1003 a
1110 959 1179 1003 cor·

164 1034 245 1097 pore
274 1020 383 1097 quoad
405 1023 612 1081 existentiam
640 1036 825 1098 omnesque
855 1023 1075 1096 operationes,
1111 1037 1178 1082 non

164 1097 274 1159 autem
301 1099 412 1177 quoad
438 1104 544 1175 ipsam
567 1101 750 1161 entitatem.
773 1102 900 1161 Etenim
919 1104 1025 1161 anima
1046 1102 1113 1162 haec
1129 1106 1179 1161 est

163 1179 344 1240 substantia
374 1179 569 1242 distinctae
600 1196 749 1255 corpore,
785 1196 853 1241 non
881 1186 991 1240 autem
1019 1180 1178 1241 accidens

164 1259 321 1335 corporis
343 1259 486 1336 ideoque
508 1258 579 1334 ejus
602 1274 677 1319 esse
699 1265 887 1335 nonpotest
901 1259 965 1319 dici
981 1260 1178 1337 dependens

162 1338 289 1414 abipso
307 1356 455 1415 corpore,
476 1341 538 1399 nisi
553 1344 716 1415 quatenus
738 1345 789 1399 est
811 1338 883 1416 eJ'us
905 1338 1009 1399 forma
1030 1342 1179 1401 substan-

162 1419 255 1479 tialis.
272 1421 455 1479 asserimus
470 1420 569 1497 igitur
585 1419 902 1479 dumtaxat‘animam
918 1420 1002 1479 hanc
1021 1436 1089 1479 non
1104 1435 1179 1479 esse

159 1514 222 1573 per
236 1514 271 1558 se
287 1498 531 1569 subsistentem,
548 1496 608 1558 sed
624 1514 694 1557 eam
708 1498 859 1575 subjecto
887 1500 1046 1558 materiali
1061 1503 1179 1576 suapte

162 1582 279 1639 natura
294 1578 461 1638 inhaerere.

199 1659 373 1718 Probatur.
391 1660 505 1717 Anima
519 1657 687 1723 brutorum
709 1672 727 1715 a
742 1672 879 1733 corpore
894 1656 1002 1716 soluta
1015 1656 1176 1717 l⁰nullam

157 1740 382 1812 operationem
407 1737 535 1797 vitalem
562 1752 718 1797 exercere
742 1736 1174 1811 potestutpotefacultau-

158 1816 221 1876 b'us
247 1819 411 1878 sensitivis
435 1816 639 1877 solummodo
666 1819 792 1883 ornata,
817 1831 888 1891 quae
912 1818 983 1875 sine
1010 1817 1176 1876 consortio

158 1894 366 1956 instrumenti
399 1897 573 1955 materialis
604 1897 739 1971 'operari
768 1899 955 1971 nequeunt;
986 1895 1017 1954 2⁰
1046 1901 1178 1955 careret

156 1991 292 2050 prorsus
306 1975 371 2035 fine
387 1976 420 2036 ln
436 1973 619 2035 existendo.
635 1975 733 2051 Atqui
751 1976 779 2034 l⁰
792 1973 826 2033 id
843 1974 932 2050 quod
946 1975 1067 2033 nullam
1091 1978 1170 2034 aeti-

159 2056 289 2114 vitatem
314 2058 472 2115 internam
497 2056 617 2115 habere
642 2059 763 2133 potest.
790 2069 856 2113 non
882 2059 932 2112 est
956 2056 1024 2113 vita
1053 2070 1172 2130 capam

157 2139 314 2214 praeterea
327 2138 359 2195 2⁰
374 2136 440 2193 haec
454 2136 559 2194 anima
571 2141 659 2194 esset
673 2132 795 2210 aliquid
819 2134 982 2192 anormale
1007 2137 1041 2192 et
1063 2150 1174 2193 mens·

162 2220 320 2284 truosum‚
338 2218 459 2291 quippe
484 2214 632 2290 quolibet
649 2212 715 2272 fine
741 2212 943 2271 destitutum.
965 2214 1048 2290 Ergo
1069 2215 1177 2273 anima

159 2294 333 2355 brutorum
348 2310 365 2353 a
381 2308 517 2371 corpore
532 2294 638 2353 soluta
655 2292 858 2352 existentiam
875 2296 908 2351 et
922 2295 1010 2352 esse
1025 2296 1174 2353 amittere

161 2373 273 2435 debet.

200 2452 245 2515 88.
273 2486 311 2495 -
338 2452 570 2513 corollarium.
589 2453 656 2511 lstae
676 2454 787 2511 anime
804 2452 913 2509 vivere
929 2453 962 2510 et
987 2466 1063 2508 esse
1087 2449 1174 2509 desi-

159 2539 242 2593 nunt
255 2548 316 2609 per
327 2532 521 2592 desitionem
535 2532 725 2606 simplicem,
742 2545 810 2590 non
825 2534 934 2589 autern
960 2532 1092 2605 proprie
1111 2546 1173 2605 per

159 2614 414 2690 corruptionem,
433 2612 507 2688 quia
523 2615 600 2669 sunt
615 2610 804 2671 substantiae
819 2609 992 2685 simplices.
1024 2611 1173 2670 Attamen

157 2776 284 2842 accipiunt
297 2775 451 2825 vocabulum
461 2776 560 2832 creari,
575 2779 700 2837 quatenus
715 2792 729 2818 «
742 2771 826 2843 creari
838 2773 950 2836 proprie,
965 2777 994 2821 ut
1005 2772 1084 2821 aits.
1100 2767 1173 2823 rho-

158 2855 222 2900 mae,
246 2842 281 2901 tq.
304 2837 334 2885 27
358 2839 390 2885 dc
408 2838 490 2885 Verit.
506 2852 521 2885 a
535 2838 565 2897 43
580 2838 609 2883 ad
625 2836 650 2889 9)
665 2839 755 2884 estrei
769 2836 964 2883 subsistentia...
979 2835 1070 2883 formae
1086 2841 1173 2884 autem

157 2918 209 2951 non
232 2899 405 2957 subsistentes,
429 2898 480 2947 sive
504 2898 696 2946 substantiales
719 2897 773 2944 sive
795 2895 973 2954 accidentales,
996 2911 1048 2943 nou
1058 2898 1173 2960 proprie

157 2967 278 3013 creantur
302 2980 327 3009 r.
341 2962 427 3023 ltaque
450 2959 547 3022 aliquid
569 2958 595 3007 in
614 2961 663 3008 hoc
686 2973 762 3006 sensu
782 2956 911 3005 diceretur
934 2957 1016 3006 creari
1043 2958 1111 3019 quod
1134 2958 1172 3006 ita

156 3025 280 3093 penderet
296 3024 383 3082 aDeo‚
398 3026 427 3070 ut
440 3038 456 3070 a
466 3021 535 3070 nullo
546 3021 596 3069 alio
610 3020 719 3084 pendeat
732 3020 758 3067 in
770 3022 862 3081 quovis
872 3034 969 3082 perere
987 3034 1087 3067 cataroe.
1112 3020 1172 3068 Jam

157 3102 217 3137 vero
232 3086 253 3133 si
269 3084 366 3133 creatio
380 3088 495 3131 sumatur
508 3082 536 3131 in
557 3098 633 3131 sensu
656 3083 754 3134 stricto.
780 3086 856 3144 prout
877 3079 956 3143 exigit
968 3080 1105 3128 terminum
1129 3080 1174 3143 qui

154 3149 189 3207 sit
203 3146 343 3196 substantia
357 3145 383 3193 in
398 3160 424 3193 se
441 3144 588 3202 subsistens,
602 3142 705 3193 evidens
719 3143 838 3204 estquod
857 3142 949 3189 animae
972 3143 1105 3190 brutorum
1118 3156 1172 3191 non

154 3214 274 3259 creantur
297 3224 311 3255 a
335 3208 397 3257 Deo.
422 3208 460 3256 Ex
483 3206 562 3254 altera
585 3210 657 3268 parte
677 3204 720 3268 qui
737 3204 829 3251 docent
850 3202 948 3251 animas
961 3205 1095 3251 brutorum
1120 3218 1173 3251 nou

154 3290 169 3322 a
191 3274 245 3323 Deo
268 3268 361 3327 creari,
387 3268 431 3317 sed
451 3283 486 3316 ex
508 3268 683 3329 peremtione
703 3264 828 3327 originem
851 3264 952 3317 ducere,
967 3264 1031 3313 nihil
1052 3263 1172 3313 distinete

154 3334 287 3399 explicant,
304 3345 361 3379 cuni
375 3334 472 3378 certum
486 3328 519 3377 sit
533 3328 651 3377 animalia
665 3330 786 3391 perfecta,
801 3325 884 3389 qualia
899 3332 957 3374 sunt
975 3328 1060 3394 lwrno,
1081 3340 1170 3397 equus,

153 3398 202 3455 leo,
217 3409 268 3443 non
281 3407 354 3455 posse
369 3392 439 3439 nasci
452 3388 500 3437 nisi
509 3405 540 3438 er
549 3390 663 3450 seminali
673 3390 847 3452 generatione,
857 3392 886 3436 ut
898 3393 1067 3456 communiter
1082 3388 1172 3436 dicum

153 3454 305 3507 scholastici.
320 3454 394 3505 Unde
421 3458 536 3500 remanet
549 3455 578 3499 ut
601 3452 708 3501 ulterius
731 3454 869 3513 quaeratur,
893 3454 979 3497 utrum
1001 3462 1094 3497 ammae
1108 3463 1171 3497 sen-

153 3520 234 3569 sitivae
255 3514 389 3580 productio
402 3514 447 3561 nat
461 3533 474 3559 a
489 3513 543 3560 sine
552 3513 644 3561 actuali
657 3527 687 3559 ac
701 3510 803 3575 speciali
818 3525 874 3583 ope,
886 3510 982 3559 influxu
994 3515 1020 3559 et
1042 3524 1171 3559 concursu

153 3579 291 3645 superioris
303 3590 386 3625 causae
393 3594 416 3630 »‚
426 3575 465 3621 vel
476 3589 532 3621 cum
542 3572 586 3622 tali
595 3572 798 3623 actualiinfluxu.
807 3570 874 3622 Vide
883 3573 986 3628 Saurea,
996 3572 1090 3636 Metap.
1101 3572 1169 3635 disp.

153 3656 219 3692 xviri
233 3656 254 3689 s.
269 3639 323 3688 211.
338 3635 425 3695 33-35,
439 3636 521 3694 leta,
534 3640 584 3683 etc.
1036 3643 1040 3648 ’
