2642 4209
262 323 458 366 nn'inrnrsrel
480 325 636 368 sarranis.
654 339 692 348 -
706 324 921 367 rsrcnotoun.
1046 307 1099 366 lll

80 435 199 507 potest
223 435 263 495 ah
282 439 417 495 externo
433 433 577 513 impulsu
598 429 807 495 determinari
825 454 832 494 :
849 452 879 495 v.
896 449 944 511 g,
965 434 1100 495 directio

80 515 234 589 gravium
261 513 312 574 ad'
333 521 483 574 centrum
510 522 617 586 terrae,
650 520 683 574 et
707 516 760 574 hic
795 517 962 590 appetitus
989 531 1102 575 rerum

80 596 276 672 cognitione
303 596 481 654 carentium
504 591 621 655 dlcilur
633 594 796 655 natrcrnlts
810 611 870 654 seu
885 597 1100 670 spontaneus,

80 673 115 731 ln
131 675 268 734 entibus
284 690 359 750 quar
385 675 574 751 cognitione
589 675 726 752 pollent,
742 675 795 733 hic
811 680 919 734 molus
942 673 1098 734 determi-

80 755 152 814 nari
168 759 280 830 potest
294 756 336 814 ab
352 755 491 831 objectis
507 771 578 830 qun
595 757 841 832 cognoscuntur
856 756 895 814 ab
911 753 1100 831 hujusmodi

22 833 27 888 l
82 834 231 904 entibus;
258 835 330 894 haec
356 834 520 893 inclinatio
551 833 669 895 dicitur
693 835 860 910 appetitus
882 834 1017 906 alterins,
1044 836 1100 911 qui

22 919 24 924 “
81 913 191 973 solum
202 915 334 990 proprie
346 915 511 990 appetitus
528 914 592 973 dici
603 919 723 990 potest.
740 914 887 973 l'acultas
903 930 982 991 ergo
995 930 1097 992 appe-

22 1003 24 1010 ’
82 991 172 1054 liliva
186 998 237 1053 est
251 994 417 1054 inclinatio
433 1011 624 1068 consequens
636 994 930 1068 apprehensionem.
1116 1042 1120 1052 .

21 1103 27 1124 ›
121 1075 201 1132 llaec
216 1071 356 1133 facultas
371 1089 430 1132 seu
445 1075 610 1148 appetitus
627 1074 753 1134 elicitus
766 1077 816 1132 est
830 1073 883 1132 vel
898 1073 1100 1135 intellectione

21 1127 29 1224 ,1
81 1154 134 1213 vel
148 1157 326 1222 censitione,
342 1158 441 1230 prout
456 1170 526 1228 31113
542 1153 663 1213 bonum
680 1171 699 1213 a
713 1168 814 1212 sensu
829 1153 882 1212 vel
897 1155 937 1213 ab
948 1153 1100 1213 intellec-¹

81 1237 115 1292 tu
145 1233 417 1308 apprehenditur.
446 1234 524 1292 llinc
540 1234 763 1310 cognitionem
779 1233 936 1293 sensilem
949 1233 1100 1309 sequitur

82 1315 250 1388 appetitus
270 1315 456 1383 sensilium,
478 1313 572 1390 cujus
592 1313 760 1391 objectum
776 1318 827 1373 est
852 1313 977 1371 honum
992 1313 1097 1374 sensi·

81 1391 158 1466 bile,
178 1398 212 1452 et
228 1394 322 1471 cujus
339 1397 431 1452 actus
447 1397 607 1453 vocantur
628 1393 815 1469 passiones.-

122 1518 191 1578 177.
208 1551 248 1560 -
261 1519 368 1576 Tarsis
383 1519 404 1576 l.
423 1521 475 1576 Est
490 1520 524 1576 r'n
538 1517 666 1576 homine
680 1516 836 1592 appetens
848 1517 1026 1576 serrsr'ttcns.

119 1632 217 1691 Proh.
236 1630 442 1690 Conscientia
459 1634 598 1690 testatur
619 1646 680 1689 nos
697 1629 857 1689 constanti
874 1629 1099 1704 propensione

81 1712 247 1771 sollicitari
262 1711 304 1769 acl
319 1727 373 1769 res
389 1712 562 1770 sensibiles
578 1717 609 1770 et
624 1710 750 1786 corpori
768 1714 992 1787 congruentes
1004 1709 1100 1769 nohis

81 1791 317 1867 procurandas,
351 1791 479 1851 etiamsi
505 1807 557 1850 res
580 1788 743 1867 ejusmodi
767 1791 927 1864 appetitui
950 1787 1101 1849 rationali

82 1871 298 1940 reluctentur,
324 1870 418 1947 juxta
445 1871 545 1930 verba
575 1871 605 1928 S.
636 1869 728 1928 Pauli
755 1887 762 1927 ε
799 1873 884 1928 Caro
912 1870 1101 1943 concupiscit

82 1953 235 2010 adherens
263 1952 470 2024 spiritumet
496 1950 628 2024 spiritns
656 1952 810 2008 1111313113
831 1964 973 2007 curnem.
999 1948 1103 2024 Atqui

79 2031 146 2090 hec
159 2029 348 2106 propensio,
366 2045 426 2088 scu
440 2028 577 2089 facultas
589 2043 664 2105 quae
681 2026 784 2088 tendit
798 2027 831 2086 in
847 2044 901 2086 res
918 2027 1093 2104 ejusmodi,

82 2110 189 2171 estid
224 2110 314 2186 quod
350 2115 558 2185 nuncupatur
591 2110 758 2184 appetitus
789 2109 974 2167 sensitivus.
1010 2107 1095 2185 Ergo

83 2191 287 2251 existentiam
302 2188 401 2263 hujns
416 2189 577 2250 facultatis
593 2190 760 2248 renuntiat
774 2188 989 2247 conscientia.

122 2273 187 2331 178.
207 2303 244 2310 -
261 2269 369 2328 Srhol.
388 2269 442 2328 llir.
459 2270 637 2346 appetitus
664 2273 827 2344 qnatenus
844 2268 980 2327 rationis
997 2263 1096 2325 dicta·

81 2351 157 2409 mini
183 2350 290 2409 ethice
321 2353 508 2423 (apponitur,
536 2350 587 2408 cui
618 2353 729 2406 tamen
756 2345 1093 2422 nonsemperreluc-

81 2433 175 2500 tatur,
191 2429 386 2488 sensualitas
402 2431 479 2488 <licit
494 2430 592 2488 solet.
610 2430 732 2487 Verum
746 2427 940 2485 sensualitas
956 2425 1094 2503 psycho-

79 2509 184 2587 logice
200 2513 331 2584 sumpta
359 2504 450 2569 idom
464 2515 514 2569 est
529 2527 566 2568 ac
583 2507 751 2584 appetitus
772 2505 946 2565 sensitivus
962 2508 1092 2566 univer-

82 2590 140 2648 sim
175 2593 354 2664 spectatus.
395 2592 473 2648 llino
511 2593 618 2648 motus
649 2586 816 2664 appetitus
844 2587 1001 2655 sensitivi‚
1039 2585 1094 2661 qui

76 2671 239 2743 passiones
254 2667 411 2744 appellari
433 2670 550 2739 solent,
573 2669 607 2728 in
621 2667 744 2727 honam
758 2666 811 2726 vel
825 2667 945 2724 malam
965 2668 1093 2740 partem

81 2750 205 2809 trahere
223 2752 371 2825 possunt.
494 2766 496 2770 ·

84 2874 148 2935 179.
164 2907 202 2914 —
222 2874 331 2932 Τ1111313
351 2873 387 2932 ll.
410 2872 573 2946 Appetitas
591 2869 736 2929 senstttcc'
748 2868 926 2943 subjectum
945 2871 988 2926 cst
1009 2882 1093 2926 cern-

115 2957 254 3029 posnam
266 2968 308 3011 em
319 2954 429 3011 nrrtmn
444 2957 472 3011 et
487 2965 630 3025 corpore.

118 3068 209 3127 Proh.
238 3067 261 3125 l.
291 3067 331 3126 Ut
360 3064 561 3142 experientia
592 3064 730 3132 constat,
758 3076 874 3121 omnes
902 3059 1091 3135 passionum

80 3151 183 3208 motus
197 3147 388 3222 cumulique
412 3147 638 3205 immutatione
655 3155 856 3219 organorum
872 3155 1004 3214 semper
1016 3155 1090 3200 con·

76 3227 176 3305 juncti
190 3230 278 3295 sunt,
304 3227 487 3301 praesertim
505 3223 623 3290 cordis,
645 3219 735 3298 quod
759 3221 925 3295 appetitus
946 3219 1093 3280 sensitivi

80 3307 227 3382 princeps
242 3321 403 3381 organum
417 3321 490 3365 esse
502 3303 647 3374 videtur;
662 3300 753 3376 atqui
766 3298 904 3358 facultas
927 3314 1002 3374 quae
1015 3314 1091 3358 con-

83 3388 173 3446 sortio
196 3386 313 3463 organi
341 3386 374 3443 in
399 3383 530 3462 agendo
552 3386 640 3460 eget,
668 3379 824 3457 organica
851 3377 977 3443 dicitur,
996 3379 1091 3456 cujus

81 3463 211 3542 proinde
229 3465 440 3541 conjunctum
458 3469 506 3524 est
520 3463 722 3540 subjeclum.
734 3461 819 3535 Ergo
836 3460 1001 3534 appetitus
1016 3475 1090 3518 sen-

84 3546 189 3606 sitivus
203 3546 237 3605 in
253 3547 436 3619 composito
451 3541 576 3603 residet
592 3546 750 3617 tanquam
767 3540 799 3597 in
815 3537 977 3615 subjecte.

122 3625 154 3684 ll.
169 3625 333 3684 Praeterea
348 3625 513 3700 appetitus
528 3622 583 3682 ille
598 3623 750 3681 versatur
764 3620 849 3680 circa
867 3618 991 3677 honum
1013 3631 1086 3675 cor·

85 3719 214 3779 pureum
229 3703 291 3765 sibi
305 3703 402 3766 modo
420 3717 578 3779 corporeo
595 3696 877 3778 conjungendum.
