2642 4209
268 259 466 311 nsrarnrstca
488 265 644 312 serenus.
661 282 701 292 -
714 265 930 312 rsxcnotoon.
1054 250 1110 310 105

85 381 240 442 mediate
262 381 456 461 jungantur,
484 381 565 442 dum
590 380 624 441 in
651 381 755 442 tribus
780 381 945 458 prioribus
977 386 1106 442 contra·

86 463 179 524 rium
201 462 327 524 accidit.

129 543 164 602 5⁰
195 543 348 619 Denique
382 545 497 614 tactus,
533 540 589 618 qui
623 556 800 617 corporum
835 544 1107 616 temperaturam,

86 621 326 692 resistentiam,
343 619 493 698 figuram,
517 625 657 692 motum,
681 623 758 691 etc„
783 620 960 696 experitur,
984 620 1109 682 incute

88 701 231 762 residet.
249 702 339 762 Circa
354 702 462 777 aliqua
485 700 617 778 obJ'ecta
641 716 715 760 cum
738 702 810 760 visu
832 701 995 761 convenit.
1013 700 1109 779 cujus

89 780 235 859 proinde
257 782 444 842 auxiliarius
466 781 570 840 estin
592 780 642 840 his
664 779 765 840 rebus
787 778 1042 857 cognoscendis.

132 863 191 922 llic
217 877 336 921 sensus
363 866 413 920 est
441 859 634 922 discretivus
661 859 785 937 obJecti
810 875 829 918 a
854 860 1019 938 subjecto,
1047 872 1108 918 seu

89 955 161 1000 non
184 945 235 1000 est
249 939 379 1001 affectio
394 955 484 1000 mere
501 940 694 1018 subjectiva,
711 943 748 999 ut
765 939 931 1001 contendit
945 941 1106 1017 Tracyus;

92 1023 201 1082 tactus
239 1022 327 1081 enim
361 1020 593 1088 resistentiam,
632 1020 787 1088 calorem,
825 1023 902 1093 etc,
940 1019 1108 1094 experitur

91 1103 253 1178 tanquam
274 1099 398 1176 aliquid
420 1100 503 1176 parti
525 1099 686 1178 tangenti,
711 1117 741 1160 v.
764 1115 812 1176 g.,
835 1099 958 1170 manui,
976 1098 1108 1174 opposi-

89 1183 173 1250 tum,
198 1181 240 1240 ab
263 1196 370 1258 eaque
392 1179 571 1240 diversum.
609 1181 641 1239 tn
663 1179 726 1239 hcc
748 1180 903 1238 convenit
926 1194 1001 1238 cum
1022 1179 1106 1245 visu,

90 1259 148 1335 qui
177 1261 419 1332 extensionem,
449 1265 482 1319 et
513 1259 633 1319 exinde
666 1259 865 1327 distantiam,
897 1255 1109 1334 superficiem

89 1339 302 1416 objectorum
319 1340 405 1398 clare
427 1339 577 1416 percipit,
595 1355 736 1416 quorum
757 1340 869 1414 itaque
885 1337 1109 1400 diversitatem

89 1418 159 1478 sive
182 1421 269 1578 inyey
289 1433 326 1479 se
348 1419 416 1479 sive
438 1423 590 1496 respectu
611 1418 753 1498 subjecti
773 1417 916 1479 videntis
940 1416 1110 1479 evidenter

89 1499 197 1561 cernit
231 1517 275 1560 a.

132 1581 202 1639 163.
227 1578 332 1637 -Ex
354 1576 450 1638 dictis
472 1583 610 1654 apparet
642 1596 649 1636 :
683 1580 713 1637 l⁰
734 1577 886 1653 Quinque
909 1592 1027 1636 sensus
1049 1590 1107 1635 ex·

88 1661 204 1718 ternos
226 1674 322 1718 suum
343 1659 512 1733 proprium
543 1658 666 1718 habere
698 1656 866 1734 obJ'ectum
889 1673 954 1732 quo
976 1652 1106 1734 specifi-

91 1745 221 1798 cantur.
243 1741 275 1817 25
297 1737 371 1796 Dari
403 1735 563 1813 quasdam
595 1752 769 1812 corporum
796 1736 975 1812 qualitates
997 1749 1109 1812 quara

90 1820 243 1894 pluribus
266 1817 417 1877 sensibus
439 1817 668 1893 percipiuntur
691 1837 698 1876 :
721 1833 752 1876 v.
775 1831 809 1892 g.
844 1814 1044 1886 distantiam,
1068 1812 1106 1873 ti-

90 1911 222 1976 guram,
247 1902 324 1970 etc,
349 1913 419 1973 quae
441 1897 624 1973 pervisum
648 1899 681 1955 et
703 1898 826 1955 tactum
842 1894 1106 1971 prehenduntur.

91 1977 172 2038 Hinc
194 1977 310 2036 merito
339 1977 525 2037 scholastici
550 1975 719 2036 sensibilia
745 1975 778 2035 in
801 1977 942 2050 propr-io
965 1980 998 2034 et
1018 1989 1108 2034 com-

90 2059 207 2117 munic
229 2055 481 2128 distribuebant,
506 2055 622 2132 quibus
655 2055 788 2116 tertium
818 2069 926 2130 genus
948 2069 1106 2116 accense-

90 2136 185 2209 bant,
209 2152 331 2211 nempe
352 2136 500 2196 scnsibite
516 2151 580 2209 per
601 2137 748 2196 accidens
771 2132 862 2211 (tat).

135 2217 206 2277 164.
235 2247 272 2258 ω
296 2217 414 2275 Verum
437 2216 545 2292 aliqua
568 2213 724 2286 conditio,
750 2217 802 2274 cui
823 2218 941 2274 natura
964 2211 1106 2272 adstrin-

90 2294 138 2356 xit
166 2293 384 2356 idoneitatem
414 2309 573 2356 sensuum
605 2294 648 2354 ad
679 2293 846 2355 sensibilia
878 2291 1106 2369 percipienda,

89 2374 143 2434 hic
166 2376 265 2435 etiam
286 2375 319 2434 in
342 2377 488 2434 mentem
520 2375 669 2434 revocari
699 2373 810 2434 debet.
835 2375 900 2432 Lex
921 2373 1011 2432 enim
1032 2387 1106 2431 sen·

17 2499 18 2502 η
91 2453 228 2515 sationis
251 2456 395 2531 postulat
425 2458 462 2513 ut
492 2457 533 2515 sit
566 2453 819 2514 communicatio
850 2456 938 2515 inter
958 2449 1107 2511 sensoria

94 2539 128 2594 et
152 2537 340 2596 cerebrum.
366 2533 574 2609 Experientia
598 2537 687 2594 enim
709 2534 806 2608 plane
830 2536 1035 2607 compertum
1057 2537 1108 2590 est

91 2617 317 2676 sensationem
353 2615 493 2690 penitus
522 2613 655 2684 aboleri,
690 2613 717 2672 si
748 2614 996 2672 communicatio
1033 2610 1106 2670 haec

17 2759 20 2762 ,
92 2695 316 2769 abrumpatur.
350 2693 517 2755 Intercisio
553 2697 610 2752 aut
645 2693 846 2769 compressio
880 2691 1104 2757 ner‘vulorum,

92 2774 149 2852 qui
172 2790 190 2834 a
213 2775 348 2834 cerebro
372 2772 415 2833 ad
436 2774 594 2839 sensoria,
617 2787 647 2831 v.
682 2789 717 2850 g.
754 2770 797 2832 ad
828 2771 941 2832 oculos
972 2774 1106 2848 proten-

18 2919 21 2922 ,
93 2853 229 2922 duntur,
254 2853 482 2915 sensationem
505 2851 655 2912 destruit.

17 2951 19 2955 “
132 2933 183 2994 Ad
205 2933 304 3010 hujus
327 2931 566 3011 conjunctionis
587 2933 751 2991 rationem
773 2929 1003 3006 explicandam
1017 2927 1107 2987 varia

91 3017 273 3090 systemata
304 3011 508 3074 induxerunt
537 3010 722 3086 philosophi
751 3014 785 3069 et
805 3007 1005 3088 physiologi,
1031 3021 1106 3083 quae

91 3091 231 3152 diversis
252 3093 493 3171 hypothesibus
516 3092 601 3151 circa
632 3089 749 3150 sedem
776 3090 875 3150 animi
898 3091 1104 3164 coaptarunt.

16 3180 21 3238 ζ
132 3174 161 3232 l⁰
184 3172 363 3234 Cartesiani
385 3172 611 3232 existimarunt
633 3169 799 3240 nervulos,
813 3170 915 3229 instar
931 3166 1107 3228 cordarum

88 3251 299 3323 vibrantium,
310 3252 561 3329 impressionem
577 3249 784 3329 objectorum
799 3247 842 3308 ad
859 3249 1033 3308 cerebrum
1049 3245 1106 3306 de-

119 3415 157 3478 (a)
171 3415 272 3465 Nullam
285 3414 440 3464 mentionem
454 3416 566 3462 meretur
579 3412 643 3462 illud
653 3409 774 3461 Balmesii
787 3410 896 3473 (Philos.
910 3411 1010 3459 fundt.
1022 3407 1105 3467 1,1.2‚

17 3523 18 3526 ,
88 3493 111 3527 c.
126 3477 166 3538 17)
181 3477 294 3536 dubium,
307 3492 357 3541 quo
370 3477 500 3539 quaerebat
514 3482 600 3524 utrum
614 3474 641 3523 in
655 3475 756 3522 homine
770 3473 823 3522 sint
836 3474 880 3522 alii
894 3487 983 3522 sensus
996 3471 1107 3539 externi,

88 3544 182 3604 praeter
196 3539 306 3602 quinque
320 3543 489 3586 enumeratos.
500 3536 600 3586 Etenim
614 3552 645 3584 ex
658 3551 712 3584 una
725 3541 797 3599 parte
811 3541 870 3584 sunt
883 3540 983 3585 tantum
993 3546 1107 3596 qumque

88 3607 201 3650 externae
214 3599 347 3664 qualitates
360 3614 489 3663 corporeae
502 3598 643 3647 formaliter
657 3596 775 3652 diversae,
791 3602 817 3645 et
831 3613 862 3645 ex
876 3597 957 3645 altera
972 3596 1030 3644 sunt
1043 3597 1105 3642 tan-

87 3667 143 3712 tum
157 3662 269 3727 quinque
283 3677 381 3726 organa
394 3662 426 3710 ad
440 3660 556 3710 sensibile
570 3659 812 3725 apprehendendum
825 3663 894 3722 apta.
