2642 4209
193 249 255 315 274
496 270 676 315 nsevnmon
696 266 898 313 ruinosornns
983 316 989 331 ,

224 384 375 441 Tessrsll.
386 380 527 439 Animus
537 399 555 438 e
565 386 867 453 corporcseperatus
886 382 990 438 vivere
1004 384 1114 453 potest.

189 455 305 515 Etenim
319 454 506 524 operationes
520 455 717 524 spiritualesa
731 453 950 525 conditionibus
963 452 1115 524 corporeis

190 541 250 583 non
264 524 432 581 necessario
440 523 585 596 pendent;
603 526 684 581 nulla
698 525 776 579 enim
787 526 1005 594 conjunctionis
1015 537 1116 581 neces·

190 598 262 653 sitas
282 598 505 665 exportatum
525 596 651 666 subJ'ecti
671 610 724 651 seu
744 595 896 665 potentiae,
916 599 981 651 tum
996 594 1113 666 objecti,

189 672 254 725 tum
268 666 395 736 denique
410 666 612 739 conditionum
630 667 774 722 exercitii.
1165 667 1198 721 89

224 741 333 795 Tussis
356 739 398 792 lll.
424 736 542 792 Anteba
562 737 704 792 humane
724 735 816 792 nulle
839 736 871 792 ot
892 738 996 793 creata
1012 738 1114 807 polest

189 808 359 865 existentia
372 806 506 877 spoliari
533 822 601 863 nam
615 808 717 879 perire
734 808 838 877 nequit
853 808 911 863 nisi
925 822 981 879 per
999 806 1113 863 annibi-

189 880 346 950 lationem3
361 892 451 949 porro
466 850 547 934 nulla
560 879 607 935 vis
621 882 722 935 creata
735 881 837 950 potest
856 879 968 949 aliquid
982 878 1012 933 in
1032 878 1111 934 nihi-

189 951 251 1007 lum
274 950 419 1020 redigere,
444 952 496 1004 aut
519 950 623 1006 saltem
652 965 670 1006 a
693 954 752 1007 Deo
775 964 835 1005 non
857 952 958 1022 potest
982 950 1110 1005 obtineri

189 1022 363 1077 exercitium
381 1020 470 1090 hujus
484 1019 540 1076 vis.

224 1096 332 1148 Tussis
354 1093 400 1147 lV.
424 1091 546 1146 Anima
571 1090 714 1147 bumana
733 1094 779 1147 est
797 1090 996 1147 immortalis.
1016 1091 1110 1148 Prob.

190 1165 229 1220 1⁰.
244 1165 322 1218 Deus
346 1162 556 1218 extinctionem
581 1163 672 1218 animi
696 1162 772 1219 velle
796 1163 925 1232 nequit:
951 1163 1016 1217 baec
1033 1164 1112 1219 enim

188 1234 291 1289 volitio
304 1235 451 1304 pugnaret
466 1233 529 1287 sive
543 1235 647 1289 contra
661 1234 848 1305 sapientiam,
860 1235 924 1289 sive
938 1236 1041 1289 contra
1048 1235 1112 1303 jus·

187 1306 285 1360 titiam
299 1308 330 1359 ot
346 1302 567 1373 providentiam
585 1304 726 1360 divinam.
747 1308 778 1360 2⁰
796 1305 926 1376 ldipsum
944 1307 1061 1360 constat
1074 1319 1113 1359 ex

188 1374 336 1431 communi
365 1374 517 1429 hominum
552 1389 708 1430 consensu.
733 1375 838 1431 Sobel.
863 1376 951 1430 Ratio
973 1378 1112 1446 potestne

190 1446 395 1502 demonstrare
417 1447 615 1501 aeternitatem
634 1446 806 1517 poenarumt
826 1448 1008 1502 Sententiam
1027 1444 1112 1501 affir-

188 1520 320 1573 mantem
338 1515 443 1571 suadet
457 1517 655 1572 consideratio
670 1519 734 1572 tum
753 1516 875 1572 malitiae
897 1518 1012 1588 peccati
1026 1516 1111 1588 obje-

188 1588 268 1644 ctive
289 1585 413 1643 infinitae
437 1588 525 1642 simul
550 1590 581 1643 et
605 1588 734 1657 Justitiae
753 1590 815 1660 Dei,
839 1590 958 1644 -tum
985 1588 1110 1661 peccati,

190 1659 270 1730 quod
287 1661 334 1714 est
348 1660 457 1713 malum
474 1658 678 1729 irreparabile.

596 1780 723 1842 CAPUT
744 1782 785 1842 ll.

300 1922 338 1964 on
357 1924 447 1967 uulua
467 1923 583 1967 nouam
606 1921 707 1973 Quone
729 1921 876 1965 vlururuu
897 1923 1016 1992 nouum,
1042 1922 1100 1975 oni

509 2002 697 2055 mersumve,
720 2001 876 2046 seueram.

224 2104 455 2162 Considerantur
482 2106 530 2161 bic
547 2108 692 2177 potentiae
712 2107 804 2163 animi
827 2107 1001 2179 etquidem
1028 2110 1057 2165 1⁰
1080 2108 1112 2163 in

189 2190 307 2247 genere,
328 2175 357 2231 2⁰
371 2178 402 2231 in
417 2178 524 2248 specie.

576 2296 773 2351 ARTIGULUS
788 2297 807 2350 I.

527 2398 566 2446 De
573 2399 702 2459 potentiis
716 2400 746 2447 io
759 2413 863 2462 genere.

320 2502 339 2563 5
356 2500 376 2552 l.
392 2500 432 2551 De
445 2496 645 2568 potentiarum
661 2495 835 2553 diversitate
850 2499 881 2553 et
893 2500 1064 2569 partitione.

226 2604 367 2660 Potentiae
381 2603 589 2675 specificantur
606 2617 661 2673 per
679 2605 762 2658 actus
782 2606 812 2658 et
831 2604 946 2674 objecta
964 2607 1110 2667 formalia.

189 2677 307 2746 Triplex
319 2674 512 2743 distinguitur
527 2673 600 2729 ordo
614 2676 829 2744 operationum.

225 2750 265 2801 De
274 2746 477 2815 facultatibus
492 2745 563 2801 ottae
578 2746 755 2815 repetetioee
772 2746 856 2801 :istae
870 2746 1026 2807 facultates
1041 2753 1112 2807 sunt

191 2820 236 2874 vis
249 2818 432 2887 generativa,
448 2817 494 2871 vis
511 2816 734 2887 augmentative
747 2819 778 2871 et
800 2815 846 2872 vis
860 2820 1014 2875 nutritiva.

224 2891 266 2943 De
288 2886 491 2956 {bonitatibus
507 2888 578 2942 vitae
592 2887 750 2941 sensitiva
767 2906 773 2939 :
791 2890 920 2957 quatuor
940 2894 1021 2961 sunt,
1042 2906 1110 2962 quae

191 2962 349 3016 versantur
377 2959 455 3013 circa
475 2958 614 3013 sensibile
634 2959 786 3013 internum
807 2977 813 3012 :
836 2972 941 3016 sensus
961 2963 1110 3037 internus,

190 3030 369 3101 imaginatio,
386 3029 432 3084 vis
446 3030 625 3084 aestimativa
644 3031 675 3083 et
689 3029 735 3083 vis
750 3032 955 3086 memorativa.
973 3034 1111 3089 Faculta-

190 3107 245 3173 tes,
261 3113 387 3172 quarum
397 3100 603 3167 obJectumest
617 3099 756 3154 sensibile
768 3104 933 3171 externum,
947 3107 1017 3158 sunt
1027 3106 1111 3174 quin·

189 3188 247 3244 que
269 3184 375 3227 sensus
398 3171 514 3225 externi
536 3189 542 3224 ι
563 3171 658 3241 visus,
683 3170 813 3243 auditus,
838 3171 973 3243 ollactus,
994 3178 1110 3249 gustus,

190 3246 296 3300 tactus.
776 3253 778 3258 '
1163 3251 1198 3307 95

223 3316 266 3368 De
284 3310 489 3382 facultatibus
504 3312 575 3367 vitae
590 3309 815 3367 intellectiva:
836 3312 992 3369 facultates
1011 3319 1110 3387 cogni·

189 3386 260 3440 iivae
274 3384 363 3453 huJus
376 3382 490 3438 ordinis
505 3388 575 3438 sunt
588 3382 758 3437 intellectus
771 3381 819 3437 vel
834 3384 910 3445 ratio
924 3399 1036 3455 -quae
1048 3402 1112 3458 prae

190 3456 316 3510 diversis
339 3454 401 3508 suis
419 3453 591 3508 muneribus
614 3452 734 3509 diversa
752 3453 841 3508 habet
864 3457 997 3529 nomina3
1019 3473 1111 3531 appe·

190 3524 286 3586 titivae
300 3526 370 3579 sunt
384 3526 533 3594 voluntas,
548 3524 595 3579 cui
610 3526 770 3579 revocatur
788 3524 919 3581 libertae.
1152 3534 1198 3603 597
