2642 4209
262 286 463 332 urrsrursrca
485 285 640 332 serianus.
658 308 697 317 —
711 291 928 336 rsrcuocoen.
1047 277 1104 339 149

89 405 152 466 bus
172 404 304 465 realiter
323 401 507 481 sejunctas;
530 403 611 464 item
632 406 853 486 ontologicum
867 408 1055 470 realismum
1069 410 1104 471 in

88 499 231 562 presens
266 481 551 560 pretermittimus,
583 487 678 562 juxta
712 503 813 564 quem
851 488 1047 550 universalia
1073 505 1105 569 ¹a

87 569 180 642 parte
202 567 251 624 rei
272 568 384 624 essent
404 564 480 639 ipsa
502 563 583 624 idea
605 563 730 639 divina,
762 582 824 627 seu
855 566 963 628 divina
986 585 1104 631 essen-

87 648 141 707 tia.
172 645 296 705 Tamen
328 647 523 720 argumenta
553 644 665 706 valent
705 647 949 724 quadamtenus
988 654 1103 712 contra

87 721 505 786 omnesformasrealismi.
1112 726 1115 732 '

125 805 187 864 Eos
223 807 349 864 lantum
383 802 508 864 directe
537 801 771 883 impugnamus
803 806 1015 884 philosophos
1047 809 1104 887 qui

88 881 292 944 contendunt
328 882 523 943 universalia
559 898 633 944 esse
677 886 712 945 in
746 886 858 957 rebus,
896 903 962 948 non
1000 888 1102 950 modo
1143 937 1146 941 ,

87 962 198 1040 quoad
219 980 301 1028 rem,
324 963 560 1023 verumetiam
586 964 698 1041 quoad
718 965 998 1030 universalitatem
1028 989 1039 1027 .·
1068 972 1103 1030 in

85 1043 149 1104 hae
169 1059 250 1122 ergo
272 1045 445 1114 sementia,
467 1041 635 1105 individua
657 1059 724 1105 non
746 1044 914 1107 differrent
934 1049 968 1107 in
991 1063 1103 1109 essen·

84 1124 139 1192 tia,
163 1139 235 1200 quae
255 1122 434 1184 haberetur
453 1128 489 1184 ut
511 1123 647 1202 physice
664 1141 734 1185 una
756 1126 977 1204 omnibusque
1010 1144 1099 1189 com·

83 1205 204 1274 munis
229 1202 290 1264 sed
325 1204 432 1264 solum
461 1205 495 1261 in
525 1203 765 1266 accidentibus,
794 1204 933 1267 Ceteras
966 1204 1101 1282 formas,

84 1283 206 1360 quibus
236 1287 333 1344 antea
362 1297 431 1344 non
462 1285 676 1358 occurrimus,
708 1287 775 1347 suis
810 1284 890 1347 locis
917 1283 1099 1349 confutabi-

82 1378 169 1423 mus.

121 1441 219 1503 Proh.
243 1442 265 1503 l.
288 1439 419 1518 Aliquid
449 1457 516 1502 uon
543 1447 655 1518 potest
683 1458 757 1504 esse
789 1446 886 1506 simul
915 1446 1102 1508 universale

83 1525 115 1581 et
135 1521 314 1599 singulare,
337 1526 374 1581 ut
394 1526 500 1597 patet;
525 1525 614 1600 atqui
636 1522 816 1585 adversarii
831 1532 961 1587 naturas
976 1526 1102 1590 habent

81 1605 117 1661 ut
137 1601 237 1662 simul
257 1601 459 1662 universales
483 1606 516 1661 et
536 1604 752 1678 particulares
776 1624 783 1664 :
805 1609 922 1665 natura
944 1606 1100 1680 humana,

80 1698 110 1742 v.
135 1697 186 1759 g.,
210 1685 299 1742 esset
319 1680 352 1740 in
372 1681 467 1741 Petro
499 1681 799 1762 simulsingularis
828 1689 861 1745 et
895 1686 1099 1759 universalis,

81 1761 247 1837 siquidem
268 1761 492 1822 universalitas
524 1764 595 1839 ipsa
617 1764 722 1824 estin
751 1765 864 1839 rebus,
896 1780 957 1825 seu
977 1771 1101 1827 naturae

79 1842 259 1904 secundum
272 1857 305 1900 se
326 1845 403 1901 sunt
422 1842 635 1903 universales.
658 1840 755 1922 Ergo

120 1919 159 1982 il.
184 1921 218 1982 Si
238 1924 356 1981 natura
376 1921 561 1982 secundum
582 1938 618 1982 se
636 1927 693 1983 est
712 1924 917 1992 universalis,
934 1930 1011 1985 tunc
1026 1942 1100 2002 pro·

78 2001 201 2077 positio
224 2015 389 2078 sequens:
412 2005 525 2062 Pettvts
543 2007 587 2062 est
608 2003 807 2074 humanitus,
831 2010 920 2065 esset
940 2020 1019 2065 vera
1041 2021 1098 2066 eo·
1139 2004 1142 2014 '

80 2078 161 2142 dem
180 2084 278 2158 pacto
309 2085 408 2158 atque
436 2080 503 2141 haec
532 2080 634 2143 altera
657 2101 665 2142 ε
689 2086 803 2144 Petras
826 2091 870 2145 est
892 2084 999 2158 homo,
1027 2099 1102 2146 cum

76 2165 198 2222 natura
219 2160 362 2221 humana
383 2163 423 2222 sit
443 2161 672 2224 universaliter
691 2163 724 2222 in
745 2162 852 2224 Petro.
877 2165 974 2241 Atqui
995 2163 1029 2224 id
1043 2180 1101 2241 pa-

76 2241 226 2302 tentibus
261 2245 366 2307 scatet
396 2240 547 2302 absurdis
572 2261 579 2302 :
601 2243 636 2303 in
666 2242 728 2302 hac
759 2243 947 2321 hypothesi,
980 2244 1097 2305 Petrus

76 2326 168 2382 esset
188 2318 392 2393 universalis,
415 2321 635 2394 immutabilis,
657 2321 759 2384 fluxui
780 2324 936 2399 temporis
951 2338 1019 2385 non
1034 2325 1093 2385 oh-

78 2399 223 2472 noxius,¹
238 2403 302 2460 etc.

117 2480 168 2541 lll.
192 2483 264 2541 Haec
287 2478 432 2541 doctrina
455 2482 541 2541 viam
562 2480 605 2542 ad
627 2482 871 2557 pantheismum
898 2481 1096 2558 complanat.

75 2553 209 2620 Etenim
230 2561 256 2619 si
277 2559 505 2621 universalitas
527 2564 577 2620 est
606 2568 741 2635 operte
763 2564 826 2632 ret,
860 2566 937 2622 tunc
971 2577 1098 2639 genera

79 2635 150 2701 sive
173 2639 322 2717 proxima
343 2639 411 2700 sive
432 2643 568 2712 remota,
592 2656 659 2701 non
682 2657 780 2702 secus
802 2657 840 2701 ac
870 2645 992 2702 naturae
1022 2658 1099 2719 spe·

78 2717 191 2791 cinca,
227 2725 304 2780 sunt
332 2719 529 2780 universalia
557 2736 624 2781 non
658 2725 784 2782 tantum
815 2723 848 2782 in
879 2727 1003 2790 mente,
1036 2721 1099 2783 sed

78 2801 179 2860 etiam
199 2800 234 2859 in
256 2799 367 2860 rebus.
392 2799 501 2874 Quare
528 2813 607 2877 ergo
632 2801 774 2862 notiones
801 2802 1100 2864 transcendeatutes

77 2894 147 2940 non
170 2879 363 2940 exhiberent
384 2878 508 2957 aliquid
528 2881 660 2941 realiter
682 2896 859 2941 commune
881 2881 1035 2943 omnibus
1049 2882 1100 2942 in-

81 2957 224 3023 dividuis
246 2959 485 3022 existentibus?

251 3073 284 3122 11.
299 3072 368 3124 Vera
381 3070 510 3121 sententia
525 3066 594 3120 eirca
608 3059 727 3120 naturam
740 3071 929 3121 universalium.

119 3187 191 3252 249.
214 3222 253 3231 —
276 3187 307 3249 S.
329 3190 483 3260 Thomas,
501 3189 533 3248 S.
550 3189 780 3249 Bonaventura
803 3191 836 3247 et
858 3202 974 3248 ornnes
995 3186 1099 3248 Scho-

78 3268 199 3330 lastica
220 3269 385 3345 sapientiae
407 3267 573 3344 principes
597 3266 718 3330 docent
740 3282 813 3327 esse
837 3266 972 3343 quidem
993 3268 1027 3329 in
1048 3283 1099 3327 re·

78 3349 143 3410 bus
162 3352 329 3419 naturum,
353 3364 423 3425 quae
445 3348 485 3408 ab
507 3347 679 3409 intellectu
709 3347 873 3408 abstracte
906 3346 1098 3424 percipitur,

80 3427 143 3490 sed
164 3427 416 3488 universalitatis
435 3429 598 3488 rationem
632 3426 741 3488 asolo
768 3425 940 3487 intellectu
970 3427 1096 3488 venire.

84 3531 100 3560 ι
136 3509 268 3578 Natura,
306 3509 357 3568 cui
391 3504 546 3568 accidit...
582 3507 718 3568 intentio
752 3505 1017 3578 universalitatis,
1055 3506 1101 3567 ait

83 3587 117 3648 S.
139 3587 291 3659 Thomas
306 3602 382 3647 non
404 3590 454 3647 est
474 3587 536 3647 nisi
556 3587 590 3646 in
611 3586 849 3664 singularibus3
872 3586 929 3646 sed
951 3584 1014 3645 hoc
1045 3585 1100 3661 ip·

82 3683 157 3728 sum
178 3665 270 3745 quod
291 3670 379 3728 est...
402 3667 539 3728 intentio
561 3667 826 3741 universalitatis,
858 3669 909 3726 est
937 3665 973 3725 in
1001 3664 1098 3725 intel-
