2642 4209
164 315 169 322 .
217 260 274 321 199
531 277 712 323 nnavrsmmr
732 258 933 320 curiosorum
976 262 979 269 '

507 413 551 464 111.
565 415 604 464 De
618 416 748 463 memorie
761 414 936 463 intellectiva.

256 538 324 600 197.
346 571 384 582 -
401 538 525 600 Praeter
542 541 736 600 memoriam
759 539 959 609 sensitivam,
987 553 1061 616 quae
1087 551 1230 614 percep

215 618 321 680 tiones
335 620 473 680 sensiles
489 625 522 678 et
539 619 770 695 phantasmata
788 619 1030 696 imaginationis
1054 618 1231 678 conservat

213 701 247 758 et
260 699 480 776 recognoscit,
495 699 593 758 homo
614 698 714 760 etiam
732 704 868 760 ornatur
891 701 1049 761 memoria
1071 696 1227 758 intellec·

216 777 292 845 tiva,
310 793 385 855 quae
400 783 519 850 servat,
535 777 725 856 reproduoit
740 783 774 839 et
787 781 997 858 recognoscit
1009 777 1113 842 ideas.

254 855 386 919 Certum
401 861 498 920 estin
515 859 647 920 homine
667 860 859 919 memoriam
883 859 1026 936 aliquam
1046 854 1225 918 intellecti·

213 953 289 996 vam
310 955 399 1008 esse:
423 955 510 1010 nam,
530 943 568 999 ut
586 939 786 1000 conscientia
809 942 959 1010 testatur,
981 941 1108 1000 animus
1131 934 1228 998 ideas

214 1017 292 1077 olim
305 1019 433 1079 habitas
446 1017 668 1093 reproducere
682 1023 715 1080 et
728 1033 969 1097 recognoscere
985 1022 1108 1094 potest;
1126 1031 1227 1093 porro

213 1098 371 1161 memoria
385 1098 540 1159 sensitiva
555 1103 689 1159 actuum
703 1099 888 1161 intellectus
904 1103 937 1158 et
953 1098 1131 1160 voluntatis
1155 1111 1226 1155 me·

214 1176 346 1238 minisse
373 1192 440 1239 non
464 1181 584 1254 potest.
609 1179 694 1257 Ergo
723 1179 962 1240 intellectiones
990 1182 1025 1239 et
1052 1177 1229 1238 volitiones

212 1258 387 1330 praeteritae
403 1258 532 1319 nonnisi
547 1274 608 1334 per
620 1258 811 1320 facultatem
831 1258 1037 1335 superiorem
1047 1253 1224 1334 :reprodu-

215 1351 342 1411 cuntur,
360 1337 486 1399 scilicet
499 1353 559 1414 per
573 1339 768 1399 memoriam
782 1341 1027 1415 intellectivam.

216 1469 283 1533 198.
308 1504 346 1514 -
372 1473 479 1532 Trmsrs
502 1472 527 1530 1.
556 1471 713 1532 Memoria
733 1473 926 1533 intellectiva
948 1473 989 1533 ct
1013 1469 1230 1546 intelligentia

256 1567 319 1612 non
340 1549 473 1630 differt(
494 1548 516 1628 ).

253 1673 347 1732 Noln.
377 1672 466 1734 Licet
487 1673 645 1732 memoria
671 1673 825 1733 sensitiva
849 1673 891 1733 sit
916 1673 1064 1750 specialis
1087 1670 1229 1733 facultas

213 1750 390 1822 sentiendi,
406 1752 607 1813 intellectiva
626 1751 836 1814 nihilominus
855 1758 989 1815 nonest
1012 1751 1103 1813 aliud
1127 1767 1229 1830 quam

212 1829 341 1891 affectio
369 1833 571 1905 intellectus;
602 1848 638 1892 re
668 1832 803 1909 quidem
829 1849 908 1893 vera
933 1831 1073 1894 facultas
1100 1830 1227 1892 ordinis

212 1911 391 2002 superioris
404 1913 500 1974 latius
515 1929 551 1973 se
567 1912 716 1973 extendit
728 1929 827 1992 quam
841 1913 980 2002 facultas
995 1913 1118 1974 ordinis
1139 1909 1225 1974 infe·
1303 1938 1304 1975 3

212 1992 317 2050 noris,

251 2071 347 2130 Prot.
363 2070 619 2133 admemoriam
635 2071 902 2134 constituendam
917 2071 1093 2150 requiritur
1107 2075 1142 2132 et
1156 2067 1225 2131 suf·
1303 2056 1305 2079 '

212 2147 277 2208 licit
293 2153 321 2210 1ο
337 2155 372 2210 ut
392 2150 478 2211 ideae
501 2156 685 2224 serventur,
712 2168 750 2213 ao
773 2154 805 2213 9Ί
828 2153 889 2213 sub
911 2154 1037 2213 ratione
1063 2151 1228 2229 praeteriti

213 2229 428 2290 exhibeantur
444 2251 450 2292 :
468 2232 528 2292 sub
544 2232 648 2308 primo
664 2238 821 2309 respectu
835 2236 992 2295 memoria
1007 2236 1059 2293 est
1072 2231 1225 2297 habitus:
1302 2262 1303 2303 3

212 2310 272 2370 sub
288 2310 436 2373 secundo
452 2317 562 2373 actum
577 2312 721 2389 aliquem
737 2319 871 2373 exercet
889 2311 944 2390 (2).
965 2315 1063 2390 Atqui
1085 2315 1114 2372 l⁰
1137 2310 1227 2370 ideae
1302 2356 1303 2379 p

212 2390 252 2450 ab
274 2389 446 2452 intellectu
461 2407 627 2468 expressae
643 2399 816 2469 nequeunt
831 2393 871 2454 ab
887 2393 949 2453 alia
967 2390 1122 2454 facultate
1151 2407 1228 2449 con·
1302 2399 1304 2461 ζ

211 2470 349 2538 servari:
366 2471 469 2532 altera
484 2473 572 2533 enim
591 2469 729 2533 facultas
744 2473 912 2534 arbitraria
927 2488 1060 2549 prorsus
1083 2469 1225 2531 induce·

210 2553 311 2616 retur,
328 2550 493 2628 siquidem
513 2552 590 2612 huic
605 2552 734 2612 muneri
748 2552 871 2630 optime
893 2548 1050 2613 satisfacit
1073 2552 1227 2612 intellec·

213 2633 277 2702 tus;
294 2631 326 2691 2⁹
339 2636 378 2690 ut
389 2629 446 2691 fiat
458 2629 642 2691 recordatio
659 2633 791 2708 proprie
807 2630 905 2697 dicta.
920 2647 981 2692 seu
996 2648 1072 2692 cum
1086 2632 1226 2692 notione

210 2707 316 2770 fluxus
339 2710 506 2786 temporis,
523 2708 643 2772 sufficit
658 2714 758 2773 eliam
776 2712 975 2780 intellectus,
997 2714 1053 2790 qui
1072 2708 1225 2787 profecto

211 2793 320 2865 potest
334 2791 505 2868 percipere
520 2789 645 2851 fluxum
660 2795 817 2867 temporis
835 2792 921 2852 inter
938 2792 1019 2854 illud
1039 2794 1167 2854 instans
1191 2789 1226 2849 in

211 2881 276 2945 quo
292 2873 401 2929 actum
424 2870 533 2933 elicuit
549 2875 582 2932 et
595 2869 676 2931 illud
696 2873 731 2933 in
752 2887 817 2948 quo
843 2870 994 2949 ejusdem
1013 2871 1223 2932 recordatur.

210 2948 294 3026 Ergo
310 2949 389 3009 nihil
405 2955 456 3012 est
470 2951 503 3011 in
517 2955 594 3010 actu
610 2950 780 3013 memoriae
800 2949 842 3011 ad
862 2950 952 3029 quod
975 2968 1011 3012 se
1036 2949 1224 3011 extendere

211 3043 277 3090 non
304 3029 406 3104 possit
433 3030 632 3100 intellectus,
661 3047 700 3090 ac
726 3030 865 3108 proinde
892 3031 1060 3108 objectum
1081 3028 1225 3091 formale

209 3111 377 3170 memoriae
393 3126 460 3171 non
476 3114 526 3171 est
541 3109 707 3171 diversum
721 3111 762 3172 ab
779 3111 911 3189 objecto
926 3109 1053 3173 formali
1068 3110 1222 3172 intellec-

209 3192 270 3248 tus.
289 3189 390 3265 Igitur
404 3190 562 3250 memoria
575 3189 688 3252 haberi
703 3191 818 3268 nequit
830 3195 867 3252 ut
881 3189 1019 3253 facultas
1035 3190 1166 3252 diversa
1181 3189 1224 3250 ab
1300 3214 1302 3219 ·

212 3267 438 3347 intelligentia.

250 3349 317 3410 199.
338 3381 376 3390 -
395 3349 574 3410 Sclolinnt.
598 3350 833 3410 Verumtamen
858 3348 953 3412 datur
975 3349 1130 3428 quaedam
1155 3347 1223 3411 dis·

42 3401 110 3516 ’ᾗ
210 3429 321 3488 tinctio
349 3428 435 3489 inter
458 3428 663 3489 intellectum
691 3433 724 3489 et
752 3431 944 3492 memoriam
970 3430 1223 3500 intellectivam
1299 3474 1300 3491 .

58 3513 104 3546 qq.

241 3565 274 3627 (l)
288 3566 315 3614 S.
331 3565 379 3612 Th.
398 3579 422 3626 q.
437 3563 476 3612 to.
492 3580 515 3612 a.
532 3566 559 3617 7.

241 3661 275 3722 (2)
293 3658 356 3711 Vide
370 3659 396 3707 S.
412 3659 545 3708 Berraum
558 3661 582 3710 2.
596 3661 640 3711 lib.
656 3667 719 3711 sent.
734 3662 760 3711 d.
776 3678 820 3724 vn,
834 3679 859 3728 p.
873 3664 890 3711 2
903 3680 927 3713 a.
947 3664 969 3712 1.
986 3681 1010 3729 q.
1025 3665 1050 3712 2.
