2642 4209
286 304 484 349 uxrxrnxstct
505 304 663 349 sancitus.
679 320 717 336 -ν
734 303 931 348 cosuotoem
1100 285 1122 348 5.

101 420 252 557 ggrmani
268 418 390 493 Fichle,
416 419 593 499 Schelling,
616 420 730 497 llegel‚
752 420 819 481 haeo
839 418 964 479 somnia
990 416 1120 478 diverse

102 513 121 557 e
150 504 298 560 ocentes
572 534 576 542 ι

132 576 1120 655 l⁰Epoismostraosceadeatotis.Fichtestatuitsubjectumco-

102 657 213 734 gitans
224 662 258 719 et
268 659 437 736 objectum
448 659 622 738 cogitatum
635 674 710 719 esse
722 674 822 719 unum
831 670 966 735 prorsus
977 662 1009 715 et
1019 654 1119 728 idem,

103 737 253 797 nimirum
276 738 307 795 τὸ
329 742 395 813 Epo
423 742 577 813 copitalia,
604 738 699 797 simul
722 739 860 799 activum
882 741 916 796 et
942 736 1118 811 passivum.

102 814 182 876 Cum
199 818 285 877 enim
300 816 473 879 facultates
489 818 715 895 cognoscitivae
734 820 798 877 sint
813 832 901 877 mere
917 815 1119 894 subjectivae,

101 896 286 957 realitatem
308 897 428 975 objecti
454 896 614 957 affirmare
630 902 813 974 nequeunt,
844 910 919 973 quae
945 912 1013 955 non
1030 897 1122 954 esset

104 975 195 1037 atiud
220 993 317 1053 quam
333 984 445 1054 partus
474 977 602 1039 mentis.
633 978 714 1035 Dum
744 977 829 1037 enim
848 977 879 1033 τὸ
898 979 964 1048 xpo
987 974 1118 1034 absolu·

103 1062 172 1115 tum
194 1057 359 1117 activitate
378 1072 438 1117 sua
461 1056 553 1118 ideas
578 1062 678 1126 creat,
696 1053 862 1120 etdeinde
877 1053 1057 1115 reflexione
1085 1054 1120 1112 in

103 1135 174 1197 illas
184 1136 281 1208 redit,
292 1134 454 1213 duplicem
470 1139 563 1213 ponit
576 1134 834 1205 affirmationem:
850 1135 985 1213 primam
1000 1149 1062 1193 seu
1074 1130 1121 1193 di·

103 1219 241 1286 rectam,
255 1232 320 1294 qua
336 1232 372 1277 se
388 1213 525 1280 affirmat
539 1233 599 1277 seu
616 1220 717 1286 creat,
734 1231 855 1291 nempe
870 1215 1011 1290 acquirit
1026 1212 1119 1272 reali·
1138 1284 1143 1291 ι

105 1298 205 1354 tatem
223 1296 438 1373 objectivam:
455 1312 512 1371 epo
527 1312 599 1356 sum
617 1312 685 1371 epo.
703 1300 781 1371 Epo,
799 1296 845 1354 sic
861 1296 1012 1371 positum,
1025 1291 1120 1353 relle-

104 1373 208 1434 xione
226 1378 413 1451 concipitur
427 1379 463 1435 ul
477 1375 675 1453 subjectum,
693 1390 813 1452 nempe
828 1382 866 1433 ut
880 1374 1067 1434 distinctum
1078 1369 1120 1431 ab

103 1452 251 1531 objecta,
269 1455 412 1533 ideoque
429 1454 490 1515 sub
506 1456 696 1516 limitatione
709 1464 756 1513 τοῦ
767 1470 831 1513 ooo
846 1470 904 1528 epo
919 1468 979 1513 seu
993 1452 1120 1526 objecit}

104 1536 137 1593 et
151 1532 232 1593 inde
260 1534 350 1595 aliud
372 1536 519 1613 exsurgit
537 1534 731 1611 principium
750 1533 803 1593 :ei
822 1550 885 1593 non
906 1549 963 1607 epo
984 1548 1047 1591 ooo
1076 1536 1119 1591 est

103 1628 161 1687 epo
177 1634 188 1671 .·
201 1614 269 1675 haee
281 1618 332 1675 est
346 1613 491 1676 secunda
508 1612 691 1675 affirmatio.
706 1611 852 1673 Tandem
882 1628 940 1687 epo
964 1612 1118 1680 activum,

104 1691 196 1769 quod
207 1710 270 1753 aon
293 1710 351 1771 epo
364 1693 515 1755 conflavit
529 1694 653 1771 aliquid
665 1695 696 1754 ei
706 1694 896 1769 impertiens
906 1707 971 1751 sue
986 1690 1116 1750 realita-

105 1772 156 1840 tis.
188 1774 307 1835 limites
329 1773 401 1835 illos
412 1784 458 1833 τοῦ
482 1790 546 1834 ooo
567 1792 624 1851 epo
651 1774 848 1838 transiliens,
877 1772 1051 1831 ulteriores
1071 1776 1119 1825 τοῦ

103 1868 168 1911 non
190 1870 248 1928 epo
272 1855 365 1929 ponit
383 1854 516 1919 limites·
537 1870 621 1931 quos
639 1853 756 1915 iterum
771 1850 886 1913 eadem
903 1848 1118 1910 affirmatione

102 1937 263 2003 removet,
287 1940 320 1993 et
334 1935 380 1993 sic
393 1934 426 1993 in
441 1930 611 1995 inlinitum.
629 1934 710 1993 Dum
726 1932 757 1989 τὸ
771 1948 829 2006 epo
848 1933 994 2007 vigorem
1019 1928 1119 2006 hujus

105 2008 340 2083 affirmationis,
368 2022 415 2071 τοῦ
442 2030 506 2073 eon
534 2031 590 2088 epo
618 2013 737 2071 limites
763 2008 933 2071 indefinite
955 2013 1120 2087 transgre-

107 2089 239 2158 dientis,
255 2092 425 2167 persentit,
443 2108 479 2153 se
494 2099 531 2152 ut
544 2091 702 2153 inlinitum
719 2094 879 2168 agnoscit.

143 2172 177 2231 2⁰
202 2173 353 2235 identitas
377 2172 536 2232 obsolute.
563 2172 732 2249 Schelling
758 2169 1012 2231 fundamentum
1045 2180 1118 2245 sys-

106 2250 236 2310 tematis
256 2268 274 2311 a
300 2250 408 2312 Fichte
437 2253 558 2312 invecti
580 2253 708 2327 rejecit,
729 2250 819 2327 quod
833 2255 867 2312 in
889 2253 953 2325 Epo
974 2246 1120 2307 absoluto

104 2329 202 2400 sistit,
234 2346 295 2390 seu
327 2332 360 2391 in
388 2332 548 2407 principio
572 2331 755 2409 subjective
794 2327 885 2407 quod
917 2328 1121 2406 obJectivum

103 2409 270 2485 producit.
305 2409 473 2489 Scirelling
499 2413 575 2471 huic
599 2415 665 2486 Epo
688 2410 833 2471 absoluto
855 2411 957 2486 gratis
979 2409 1118 2478 asserta,

103 2492 142 2548 ut
159 2489 232 2565 ipse
252 2490 306 2558 ait,
327 2490 457 2549 sutfecit
476 2508 541 2552 esse
562 2490 758 2563 obsoletum,
781 2491 813 2549 in
836 2504 901 2565 quo
925 2488 1122 2561 adjectivum

106 2572 140 2627 et
167 2568 380 2643 subjectivum
406 2574 483 2629 sunt
505 2584 610 2630 unum
639 2570 720 2645 quid
748 2574 782 2629 et
809 2568 899 2629 idem
925 2585 933 2626 ε
959 2567 1027 2626 haec
1054 2562 1119 2624 duo

103 2646 271 2708 habentur
299 2650 337 2708 ut
362 2650 473 2725 prime
507 2649 803 2710 determinationes
834 2647 985 2716 absoluti,
1018 2648 1119 2722 atque

105 2732 143 2787 ut
166 2728 337 2803 principia,
360 2728 512 2805 primum,
533 2729 890 2805 ptttosoptmnatorae,
908 2732 943 2788 et
966 2725 1117 2794 alterum,

99 2806 315 2883 philosophiae
328 2809 624 2869 trottsreadentott's.

147 2884 355 2965 Objectivum
375 2904 435 2949 seu
455 2889 634 2949 existentia
650 2888 743 2959 ordo,
763 2892 796 2948 et
815 2887 1035 2965 subjectivum
1058 2898 1120 2943 seu

105 2965 188 3027 ordo
228 2967 437 3045 cognitionis
474 2973 551 3028 sunt
582 2968 741 3039 identica;
779 2971 812 3027 et
844 2968 910 3027 lraec
951 2967 1120 3028 abstracta

104 3047 256 3107 identitas
293 3046 417 3124 objecti
450 3052 484 3107 et
522 3048 678 3126 subjecti,
713 3047 815 3124 ipsius
849 3062 923 3107 esse
957 3050 992 3106 et
1024 3042 1118 3116 ideae3

105 3130 156 3185 est
170 3126 364 3186 absolutum.
382 3126 447 3188 Hoc
462 3143 527 3186 esse
541 3128 743 3197 absolutum,
760 3143 864 3204 quum
878 3125 965 3187 sitin
982 3128 1119 3184 externo

104 3204 251 3281 quodam
266 3221 425 3281 processu
443 3211 630 3284 eternaque
650 3208 701 3267 sui
724 3208 956 3283 explicatione,
979 3206 1013 3264 in
1035 3218 1116 3264 con-

105 3287 254 3344 cretoest
267 3285 374 3359 ipsum
387 3286 446 3345 toe
462 3287 647 3347 uniuersum
661 3289 696 3348 in
710 3302 771 3346 sua
788 3286 963 3347 totalitate.
981 3283 1119 3360 Singula

102 3380 183 3424 vero
213 3363 316 3437 entia,
349 3368 515 3441 quatenus
544 3364 669 3427 habent
702 3382 785 3435 esse,
820 3371 898 3426 sunt
931 3364 1120 3424 absolutum

102 3444 227 3521 ipsum;
260 3447 424 3519 quatenus
454 3449 532 3504 sunt
560 3447 594 3504 in
622 3461 658 3504 se
694 3445 887 3523 singularia,
929 3444 1120 3521 phaenome-

105 3538 151 3584 na
175 3526 264 3583 sunt.
291 3524 393 3602 igitur
415 3524 448 3584 in
463 3524 527 3586 hoo
551 3524 716 3592 absoluto,
745 3540 819 3586 esse
845 3530 879 3586 et
911 3535 1119 3602 cognoscere

104 3601 198 3664 idem
214 3607 304 3675 sunt,
327 3608 360 3661 el
371 3603 500 3664 nonnisi
528 3610 694 3679 conceptu
715 3611 926 3682 separantur3
951 3602 1117 3680 quamob-

104 3698 177 3743 rem
205 3680 287 3743 ordo
317 3682 564 3745 existentiarum
592 3684 741 3761 exsurgit
770 3700 811 3744 ex
838 3684 909 3744 solo
939 3684 1115 3754 conceptu.
