2642 4209
142 236 146 247 ’
257 266 455 311 unsaramma
477 265 633 312 sonemus.
651 278 690 293 -
705 267 905 312 cosuemon.
1055 250 1094 308 47

70 398 221 444 nomena
254 380 338 443 adeo
370 382 499 444 diversa
529 386 564 444 et
592 382 754 444 mirabilia
784 382 855 443 vita
885 382 1089 460 vegetativos.

71 462 283 525 Concurrunt
303 465 417 540 utique
440 460 483 523 ad
504 462 650 525 actiones
664 464 781 524 vitales
795 462 1009 541 vegetanum,
1030 460 1093 522 sed

72 547 235 621 tanquam
255 542 475 603 instrumenta
493 540 606 605 formae
627 543 861 605 substantialis.

111 624 293 683 Probatur.
321 622 359 682 ll.
384 622 494 684 Semel
515 622 633 683 amisso
646 624 680 683 in
701 622 908 703 vegetalibus
929 618 1092 698 principio

72 702 157 775 vita,
194 718 366 779 nunquam
400 707 513 779 potest
551 702 782 781 redintegrari,
821 702 899 763 licet
938 699 1093 779 vegetato

72 780 193 843 iisdem
213 782 345 860 legibus
375 781 519 862 physicis
541 785 574 842 et
595 779 741 845 chimicis
761 778 970 860 quantumvis
992 780 1093 857 subji-

75 863 193 924 ciatur.
217 861 341 924 Chimia
363 862 452 923 enim
472 877 642 939 nunquam
668 862 765 925 alicui
785 862 903 921 semini
918 859 1026 937 potuit
1040 861 1092 922 tri-

73 941 181 1003 buere
202 944 269 1003 vim
288 940 556 1019 reproductionis·
573 942 678 1003 semel
699 945 854 1004 amissam
874 957 936 1018 per
966 938 1091 1001 destru-

76 1024 224 1084 ctionem
253 1023 424 1103 germinis,
457 1020 552 1100 cujus
583 1023 778 1099 compositio
816 1022 952 1082 chimica
992 1020 1092 1095 plene

75 1101 300 1179 cognoscitur.

115 1183 202 1258 Ergo
233 1180 431 1257 principium
460 1178 557 1239 vitale
588 1180 622 1239 in
652 1179 862 1257 vegetalibus
892 1193 959 1240 non
980 1183 1093 1255 potest

74 1264 164 1321 stare
187 1261 220 1319 in
240 1260 330 1321 hisce
351 1259 490 1331 viribus;
514 1256 603 1319 unde
625 1258 659 1319 in
682 1260 792 1337 aliqua
812 1256 996 1319 substantia
1017 1259 1092 1319 sim-

73 1340 152 1418 plici
171 1340 271 1400 situm
293 1342 344 1400 est
364 1337 418 1419 (l).

114 1420 165 1482 79.
190 1450 229 1461 -
252 1419 430 1481 setectum.
455 1419 477 1477 Ι.
503 1416 619 1491 Quoad
642 1416 874 1478 certitudinem
894 1416 994 1495 hujus
1016 1414 1093 1479 doc-

74 1496 165 1559 trinae
186 1496 277 1559 idem
297 1500 395 1575 plane
412 1496 589 1558 dicendum
611 1502 662 1558 est
683 1496 725 1557 de
739 1495 850 1559 forma
870 1496 1094 1559 substantialis

75 1578 252 1639 existentia
272 1579 305 1639 in
327 1578 446 1655 plantis
469 1593 508 1637 ac
529 1578 563 1637 in
585 1576 779 1653 corporibus
807 1577 1012 1655 inorganicis
1040 1574 1090 1655 (ll,

77 1656 142 1737 57).
169 1657 237 1718 Sed
259 1657 393 1735 quando
408 1659 517 1737 agitur
531 1656 572 1717 de
588 1656 842 1718 determinanda
851 1658 965 1718 intima
976 1659 1093 1718 natura

74 1738 229 1816 principii
252 1738 356 1799 vitalis
370 1738 405 1799 in
422 1738 540 1813 plantis
562 1740 596 1797 et
617 1736 788 1813 speciatim
810 1735 851 1796 de
875 1735 948 1815 ejus
966 1738 1092 1797 unitate

78 1822 112 1877 et
134 1816 355 1894 simplicitate,
379 1833 440 1879 seu
460 1832 503 1877 an
524 1814 605 1877 illud
629 1820 759 1878 constet
779 1816 928 1893 partibus
947 1817 1092 1895 integra·

74 1897 164 1958 libus
186 1896 339 1973 ejusdem
360 1897 413 1958 vel
435 1894 567 1958 diversa
587 1895 736 1969 rationis,
759 1894 909 1974 quadam
930 1897 1092 1974 speciales

77 1979 246 2056 exurgunt
267 1974 495 2049 difficultatem
519 1992 616 2053 porro
647 1975 794 2037 rationes
826 1976 947 2054 quibus
982 1981 1092 2039 osten·

77 2056 166 2119 ditur
187 2056 384 2133 principium
404 2054 485 2120 illud
508 2070 581 2116 esse
604 2054 745 2132 simplex
766 2055 877 2133 quoad
899 2056 1090 2130 essentiam,

74 2136 155 2198 licet
178 2135 339 2199 divisibile
361 2135 547 2197 secundum
567 2136 794 2213 quantitatem,
818 2151 837 2195 a
858 2136 1007 2212 pluribus
1028 2137 1089 2196 im-

74 2221 280 2297 pugnantur.
304 2218 418 2295 ltaque
439 2215 549 2293 opinio
568 2229 667 2291 quam
682 2214 912 2290 amplectimur
933 2220 1092 2292 tanquam

77 2296 229 2359 doctrina
264 2294 415 2361 absolute
451 2300 541 2357 certa
573 2298 606 2355 et
639 2296 809 2371 explorata
839 2310 909 2357 nou
941 2296 1089 2370 traditur,
1172 2366 1182 2376 ἡ

78 2373 143 2440 etsi
156 2374 266 2438 verior
286 2375 338 2436 sit.
360 2378 361 2383 ’

113 2456 166 2517 80.
196 2490 233 2498 -
258 2452 424 2515 Sctotiam
447 2452 483 2511 ll.
512 2452 622 2513 Unitas
645 2452 834 2530 plantarum
857 2453 1093 2531 aquibusdam

75 2536 263 2612 explicatur
277 2549 336 2609 per
349 2531 510 2592 unitatem
524 2533 603 2591 idea
617 2533 814 2608 archetype·
828 2532 889 2594 sed
903 2533 971 2594 haec
984 2536 1093 2596 unitas

75 2618 265 2678 extrinseca
285 2627 420 2691 prorsus
445 2613 890 2690 estrespactuvegetalium,
913 2617 946 2674 et
970 2612 1092 2677 exinde

74 2694 167 2756 nullo
195 2697 293 2772 pacto
313 2693 407 2773 juvat
426 2690 470 2753 ad
494 2692 672 2753 essentiam
696 2692 869 2771 physicam
892 2695 1092 2772 vegetalium

74 2772 319 2855 explicandam.
810 2798 814 2807 ·

437 2866 469 2916 ΙΙ.
486 2866 524 2915 De
537 2862 589 2915 rita
603 2863 733 2917 sensitiva.

113 2974 167 3035 81.
192 2970 326 3031 -Vita
349 2968 504 3029 sensitiva
527 2966 637 3029 diiiert
665 2983 684 3028 a
711 2969 899 3048 vegetativa
928 2976 1093 3048 quatenus

97 3056 194 3115 raeter
207 3048 418 3127 operationes
438 3047 554 3109 vitales
577 3048 648 3108 vitae
672 3048 874 3127 vegetativae,
902 3054 1093 3116 sensatione

74 3070 206 3194 Fruitur.
235 3128 416 3192 Essentiale
439 3128 540 3205 igitur
564 3124 740 3189 discrimen
761 3129 849 3189 inter
870 3133 1036 3207 vegetalia
1060 3139 1094 3195 et

74 3210 229 3275 animalia
244 3214 295 3271 est
308 3209 343 3268 in
357 3204 582 3270 functionibus
596 3206 787 3268 animalium
801 3212 952 3286 propriis,
968 3213 1094 3275 scilicet

73 3293 108 3354 in
120 3290 282 3367 facultate
299 3288 464 3361 sentiendi,
484 3288 518 3349 in
532 3284 689 3347 facultate
712 3287 904 3352 tocomottou
927 3307 988 3351 seu
1013 3309 1091 3355 con·

76 3371 273 3435 tractilitate.
292 3368 322 3428 1ο
337 3364 483 3428 Facultas
498 3364 676 3436 sentiendi,
693 3370 731 3426 ut
744 3382 861 3428 omnes
883 3375 1016 3445 norunt,
1042 3378 1094 3436 est

73 3450 216 3513 facultas
230 3444 436 3526 percipiendi
449 3444 627 3507 sensibilia.
651 3446 685 3507 2⁰
708 3443 945 3510 Contractilitas
968 3454 1034 3513 stat
1056 3454 1092 3514 in

74 3532 175 3596 variis
188 3533 341 3590 motuum
354 3525 534 3607 generibus
551 3543 558 3584 :
573 3541 605 3587 v.
622 3538 671 3603 g„
686 3523 722 3584 in
734 3526 879 3588 motibus
897 3530 966 3590 sive
990 3548 1092 3609 orpo-

107 3652 145 3718 (1)
159 3651 228 3705 Vide
242 3665 305 3717 opus
317 3648 349 3700 P.
363 3646 513 3699 Liberatore
525 3660 533 3697 ι
546 3646 597 3697 Del
610 3654 750 3710 comporto,
764 3661 872 3709 amano,
883 3664 906 3699 c
920 3665 961 3714 111,
973 3668 999 3702 a.
1013 3652 1071 3703 6-9.
