2642 4209
205 263 244 322 ol
509 284 688 329 nnnvnunmr
706 268 908 328 rnruosbrmm

206 397 415 473 insurgemus
438 399 472 458 in
496 398 557 457 hae
583 398 803 474 expositione;
844 399 923 464 inde
955 401 1224 480 Psycbologiam,

206 476 302 552 cujus
316 475 398 538 orde
414 486 446 536 et
461 477 644 547 distributio
661 494 703 537 ex
717 480 792 555 ipsa
811 478 936 560 objecti
962 492 1081 543 natura
1094 488 1224 545 mutua-

205 558 270 623 tur,
286 558 320 617 in
334 558 392 615 tria
407 557 592 633 partiemur
606 561 717 632 capita
733 576 740 615 ε

243 634 383 695 Primum
412 642 508 713 caput
532 639 594 698 erit
619 636 661 696 de
695 639 808 697 anime
842 638 991 699 humanae
1019 640 1222 714 substantia,

205 717 387 776 secundum
413 716 454 776 de
476 718 583 777 anima
609 716 752 776 humana
777 718 888 793 quoad
907 722 1043 780 activam
1070 722 1224 781 virtutem

203 811 268 873 qua
284 799 419 855 ornatur
439 803 599 872 spectata,
617 812 679 855 seu
694 796 737 856 de
750 795 959 859 facultalibus
974 805 1030 859 aul
1051 800 1095 859 de
1111 801 1222 862 activi·

204 878 395 935 tale-animm
406 879 440 937 in
451 879 529 935 actu
544 876 646 953 primo
663 877 827 953 inspecta;
846 880 985 950 tertium,
1007 879 1048 939 de
1066 883 1222 941 exercitio

202 955 301 1033 hujus
315 957 424 1015 active
439 958 576 1027 virtutis,
591 971 653 1014 seu
669 956 710 1016 de
725 958 887 1017 activitate
907 959 940 1017 in
965 965 1042 1018 actu
1051 960 1217 1034 secundo,

203 1050 325 1112 nempe
342 1034 383 1096 de
399 1035 496 1095 mode
512 1050 576 1113 quo
591 1032 765 1096 facultates
779 1052 859 1096 suos
873 1045 966 1098 actus
982 1045 1155 1101 exercent.

619 1272 747 1336 CAPUT
761 1277 785 1336 l.

453 1424 491 1467 DE
505 1425 603 1467 litium
617 1426 745 1467 HUMANAE
759 1424 951 1470 Suessanum.

242 1539 310 1599 107.
328 1556 367 1580 ·-
379 1536 496 1599 Anima
507 1538 706 1610 humanam
717 1554 758 1598 ex
769 1540 965 1615 supradictis
976 1541 1152 1620 (11,5e-s5;
1163 1545 1216 1614 71,

202 1618 249 1691 78,
261 1620 297 1679 81
312 1617 401 1695 seq.)
416 1616 619 1679 sufficienter
643 1626 782 1692 constat,
806 1628 856 1681 est
870 1622 1018 1699 quaedam
1036 1624 1218 1683 substantia

149 1715 152 1719 ’
202 1714 274 1775 quae
317 1702 444 1773 corpori
469 1698 628 1773 interibili
662 1697 774 1758 unitur
812 1703 967 1777 tanquam
994 1701 1068 1778 ejus
1110 1702 1219 1763 ferma

199 1778 422 1839 substantialis
434 1777 483 1857 (ll,
498 1780 566 1854 73);
585 1785 788 1855 quapropter
801 1779 1025 1856 ulperfeetius
1040 1788 1074 1840 et
1086 1781 1218 1843 facilius

200 1858 490 1934 deprehendamus
505 1856 585 1933 quid
607 1860 650 1918 sit
664 1859 847 1919 substantia
865 1860 944 1931 haec,
968 1862 1077 1935 ipsam
1106 1865 1215 1923 consi-

200 1936 318 1997 derare
341 1938 498 1998 debemus
513 1940 537 1997 l⁹
550 1938 584 1997 in
598 1954 635 1997 se
651 1943 686 1998 et
703 1938 867 2010 absolute,
885 1942 919 1999 2⁰
941 1943 1046 2000 relate
1067 1940 1111 1999 ad
1136 1958 1213 2001 eor-

198 2034 260 2093 pus
276 2016 540 2096 quodinlormat.
557 2018 717 2079 Praeterea
744 2018 776 2077 3⁰
805 2034 879 2077 cum
907 2021 1051 2081 animam
1101 2035 1216 2096 erspe·

197 2096 302 2158 rimus
317 2106 475 2174 tanquam
488 2097 707 2157 substantiam
721 2112 740 2155 a
755 2112 906 2172 corpore,
924 2102 975 2159 cui
989 2100 1088 2178 conju
1111 2102 1215 2178 gitur,

198 2177 436 2238 distinctamet
464 2177 694 2253 separabilem,
724 2177 830 2237 statim
859 2183 893 2237 et
920 2186 1038 2255 sponte
1067 2181 1217 2258 exsurgit

197 2259 330 2335 quaestio
360 2259 472 2317 utrum
501 2272 576 2317 cum
606 2272 744 2331 corpore
770 2263 955 2327 enascatur,
996 2264 1030 2319 et
1061 2273 1134 2318 cum
1173 2277 1215 2322 eo

84 2386 87 2389 .
196 2344 322 2413 pereat.
353 2337 433 2395 Hinc
454 2351 596 2411 praesens
623 2334 772 2411 caputin
782 2342 848 2395 tres
862 2335 1019 2398 articulos
1036 2338 1215 2400 distribue-

196 2434 270 2477 mus
289 2434 295 2475 :
311 2416 346 2475 in
364 2419 393 2477 1ο
407 2416 545 2476 articulo
560 2430 699 2493 agemus
715 2415 757 2474 de
772 2416 883 2475 anima
900 2418 933 2474 in
950 2432 987 2476 se
1013 2422 1046 2477 et
1061 2418 1215 2491 absolute

196 2500 362 2573 spectata;
380 2498 456 2556 in2⁰
471 2495 513 2556 de
529 2494 638 2555 anima
654 2497 760 2555 relate
784 2494 827 2555 ad
855 2510 987 2572 corpus,
1010 2513 1071 2557 seu
1085 2498 1128 2557 de
1143 2504 1215 2559 uni·

195 2578 284 2636 tiene
313 2578 426 2636 animae
458 2583 490 2636 et
520 2577 679 2651 corporis,
703 2572 836 2634 tandem
863 2575 897 2635 in
918 2578 950 2636 3⁰
974 2576 1013 2640 de
1038 2579 1216 2655 origineet

198 2656 369 2717 duratione
385 2656 510 2715 animae.
805 2662 808 2667 ’

575 2757 791 2820 ARTlCULUS
806 2760 828 2819 l.

383 2888 430 2945 De
446 2886 561 2945 anima
575 2886 610 2943 ic
624 2900 656 2943 se
673 2888 702 2944 et
716 2883 862 2943 absolute
875 2888 1028 2959 speciale.

238 3009 305 3071 108.
322 3010 480 3070 -Animi
501 3008 636 3067 humani
654 3007 857 3083 simplicitas,
885 3006 955 3067 sive
976 3008 1088 3085 quoad
1113 3028 1213 3073 esseu-

195 3090 288 3157 tiunt,
318 3091 385 3151 sive
416 3088 528 3166 quoad
556 3088 770 3163 quantitatem
789 3087 858 3163 jam
875 3090 1005 3148 constat
1033 3104 1076 3147 ex
1109 3096 1211 3151 antea

133 3207 136 3211 >
198 3167 369 3245 disputatis
397 3173 483 3230 circa
505 3166 703 3245 principium
732 3168 832 3228 vitale
854 3169 889 3228 in
918 3167 1137 3230 animantibus
1161 3170 1211 3249 (ll,

196 3247 257 3325 85).
288 3250 353 3309 Sed
392 3256 510 3325 praeter
539 3248 633 3307 datas
662 3247 876 3322 probationes
905 3245 973 3306 alias
999 3248 1213 3313 inveniuntur

194 3330 408 3404 specialiores
424 3334 457 3389 et
472 3328 630 3388 firmiores
646 3342 719 3387 cum
734 3327 844 3403 agitur
859 3324 901 3385 de
916 3328 1022 3385 anima
1045 3329 1209 3406 humana;

196 3408 318 3484 quade
335 3426 433 3469 causa
454 3413 564 3468 utrum
581 3408 689 3467 anima
717 3408 759 3465 sit
782 3405 965 3465 substantia
988 3403 1129 3483 simplex
1155 3412 1210 3475 hic

195 3490 409 3563 inquiremus.
999 3514 1004 3521 ·

235 3572 350 3625 Anima
369 3568 460 3625 enim
482 3566 548 3634 illa,
574 3566 607 3623 in
636 3562 832 3640 quibusdam
860 3566 928 3623 suis
948 3569 1208 3641 operationibus,

196 3644 237 3705 ab
252 3646 322 3706 aliis
337 3643 503 3721 principiis
520 3644 670 3704 vitalibus
692 3643 816 3703 entium
838 3658 1075 3720 corporeorum
1099 3648 1215 3713 differt
