<?xml version="1.0" encoding="UTF-8"?>
<!DOCTYPE html PUBLIC "-//W3C//DTD XHTML 1.0 Transitional//EN"
    "http://www.w3.org/TR/xhtml1/DTD/xhtml1-transitional.dtd">
<html xmlns="http://www.w3.org/1999/xhtml" xml:lang="en" lang="en">
 <head>
  <title>
</title>
<meta http-equiv="Content-Type" content="text/html;charset=utf-8" />
  <meta name='ocr-system' content='tesseract 3.04.00' />
  <meta name='ocr-capabilities' content='ocr_page ocr_carea ocr_par ocr_line ocrx_word'/>
</head>
<body>
  <div class='ocr_page' id='page_1' title='image "./brevariumphilos02grangoog_0071.png"; bbox 0 0 2642 4209; ppageno 0'>
   <div class='ocr_carea' id='block_1_1' title="bbox 292 263 1153 330">
    <p class='ocr_par' dir='ltr' id='par_1_1' title="bbox 292 263 1153 330">
     <span class='ocr_line' id='line_1_1' title="bbox 292 263 1153 330; baseline 0.003 -7"><span class='ocrx_word' id='word_1_1' title='bbox 292 278 491 330; x_wconf 75' lang='lat' dir='ltr'>nararnrsrca</span> <span class='ocrx_word' id='word_1_2' title='bbox 512 280 670 327; x_wconf 75' lang='lat' dir='ltr'>sonorius.</span> <span class='ocrx_word' id='word_1_3' title='bbox 685 296 725 308; x_wconf 91' lang='lat'><em>-</em></span> <span class='ocrx_word' id='word_1_4' title='bbox 740 280 941 326; x_wconf 78' lang='lat' dir='ltr'>ccsuonoen.</span> <span class='ocrx_word' id='word_1_5' title='bbox 1085 263 1126 326; x_wconf 79' lang='lat'>59</span> <span class='ocrx_word' id='word_1_6' title='bbox 1146 270 1153 294; x_wconf 65' lang='grc'>““</span> 
     </span>
    </p>
   </div>
   <div class='ocr_carea' id='block_1_2' title="bbox 94 392 1129 1823">
    <p class='ocr_par' dir='ltr' id='par_1_2' title="bbox 94 392 1129 1107">
     <span class='ocr_line' id='line_1_2' title="bbox 107 392 1127 461; baseline -0.002 -4"><span class='ocrx_word' id='word_1_7' title='bbox 107 409 179 461; x_wconf 87' lang='lat' dir='ltr'>non</span> <span class='ocrx_word' id='word_1_8' title='bbox 194 393 383 458; x_wconf 89' lang='lat' dir='ltr'>estfactum</span> <span class='ocrx_word' id='word_1_9' title='bbox 397 397 495 457; x_wconf 91' lang='lat' dir='ltr'>totius</span> <span class='ocrx_word' id='word_1_10' title='bbox 515 398 638 455; x_wconf 84' lang='lat' dir='ltr'>naturae</span> <span class='ocrx_word' id='word_1_11' title='bbox 654 397 771 455; x_wconf 80' lang='lat' dir='ltr'>creata</span> <span class='ocrx_word' id='word_1_12' title='bbox 789 393 939 457; x_wconf 86' lang='lat' dir='ltr'>ordinem</span> <span class='ocrx_word' id='word_1_13' title='bbox 962 398 997 455; x_wconf 93' lang='lat' dir='ltr'>et</span> <span class='ocrx_word' id='word_1_14' title='bbox 1021 392 1127 455; x_wconf 82' lang='lat' dir='ltr'>iacul-</span> 
     </span>
     <span class='ocr_line' id='line_1_3' title="bbox 108 470 1128 553; baseline -0.003 -16"><span class='ocrx_word' id='word_1_15' title='bbox 108 476 214 537; x_wconf 87' lang='lat' dir='ltr'>tatem</span> <span class='ocrx_word' id='word_1_16' title='bbox 237 474 419 545; x_wconf 86' lang='lat' dir='ltr'>excedens;</span> <span class='ocrx_word' id='word_1_17' title='bbox 436 473 497 536; x_wconf 90' lang='lat' dir='ltr'>sed</span> <span class='ocrx_word' id='word_1_18' title='bbox 522 473 613 553; x_wconf 88' lang='lat' dir='ltr'>quod</span> <span class='ocrx_word' id='word_1_19' title='bbox 632 470 767 540; x_wconf 88' lang='lat' dir='ltr'>functus</span> <span class='ocrx_word' id='word_1_20' title='bbox 789 479 897 536; x_wconf 89' lang='lat' dir='ltr'>morte</span> <span class='ocrx_word' id='word_1_21' title='bbox 918 474 1022 535; x_wconf 84' lang='lat' dir='ltr'>vitam</span> <span class='ocrx_word' id='word_1_22' title='bbox 1040 474 1128 534; x_wconf 88' lang='lat' dir='ltr'>reci-</span> 
     </span>
     <span class='ocr_line' id='line_1_4' title="bbox 106 552 1085 632; baseline -0.002 -16"><span class='ocrx_word' id='word_1_23' title='bbox 106 554 190 632; x_wconf 90' lang='lat' dir='ltr'>piat,</span> <span class='ocrx_word' id='word_1_24' title='bbox 204 552 240 613; x_wconf 91' lang='lat' dir='ltr'>id</span> <span class='ocrx_word' id='word_1_25' title='bbox 253 554 379 615; x_wconf 89' lang='lat' dir='ltr'>ratione</span> <span class='ocrx_word' id='word_1_26' title='bbox 393 554 532 630; x_wconf 83' lang='lat' dir='ltr'>subjecti</span> <span class='ocrx_word' id='word_1_27' title='bbox 549 554 636 615; x_wconf 90' lang='lat' dir='ltr'>vires</span> <span class='ocrx_word' id='word_1_28' title='bbox 657 557 780 616; x_wconf 83' lang='lat' dir='ltr'>natura</span> <span class='ocrx_word' id='word_1_29' title='bbox 802 557 919 615; x_wconf 77' lang='lat' dir='ltr'>creatu</span> <span class='ocrx_word' id='word_1_30' title='bbox 935 552 1085 614; x_wconf 87' lang='lat' dir='ltr'>transilit.</span> 
     </span>
     <span class='ocr_line' id='line_1_5' title="bbox 149 632 1127 711; baseline -0.002 -18"><span class='ocrx_word' id='word_1_31' title='bbox 149 634 183 694; x_wconf 82' lang='lat'>3⁰</span> <span class='ocrx_word' id='word_1_32' title='bbox 197 632 354 710; x_wconf 90' lang='lat' dir='ltr'>-Denique</span> <span class='ocrx_word' id='word_1_33' title='bbox 375 634 438 693; x_wconf 90' lang='lat' dir='ltr'>alia</span> <span class='ocrx_word' id='word_1_34' title='bbox 453 634 540 695; x_wconf 87' lang='lat' dir='ltr'>vires</span> <span class='ocrx_word' id='word_1_35' title='bbox 560 637 683 695; x_wconf 79' lang='lat' dir='ltr'>natura</span> <span class='ocrx_word' id='word_1_36' title='bbox 707 637 824 697; x_wconf 78' lang='lat' dir='ltr'>creata</span> <span class='ocrx_word' id='word_1_37' title='bbox 846 632 1127 711; x_wconf 82' lang='lat' dir='ltr'>praetergrediun-</span> 
     </span>
     <span class='ocr_line' id='line_1_6' title="bbox 108 712 1129 792; baseline -0.001 -19"><span class='ocrx_word' id='word_1_38' title='bbox 108 715 163 773; x_wconf 89' lang='lat' dir='ltr'>tur</span> <span class='ocrx_word' id='word_1_39' title='bbox 177 718 338 789; x_wconf 87' lang='lat' dir='ltr'>quantum</span> <span class='ocrx_word' id='word_1_40' title='bbox 353 714 543 775; x_wconf 85' lang='lat' dir='ltr'>admodum</span> <span class='ocrx_word' id='word_1_41' title='bbox 554 713 724 787; x_wconf 76' lang='lat' dir='ltr'>faciendi:</span> <span class='ocrx_word' id='word_1_42' title='bbox 736 730 768 774; x_wconf 84' lang='lat' dir='ltr'>u.</span> <span class='ocrx_word' id='word_1_43' title='bbox 791 729 839 792; x_wconf 73' lang='lat' dir='ltr'>g,</span> <span class='ocrx_word' id='word_1_44' title='bbox 856 714 981 773; x_wconf 91' lang='lat' dir='ltr'>curatio</span> <span class='ocrx_word' id='word_1_45' title='bbox 1000 712 1129 775; x_wconf 89' lang='lat' dir='ltr'>subita-</span> 
     </span>
     <span class='ocr_line' id='line_1_7' title="bbox 109 789 1128 870; baseline 0.001 -20"><span class='ocrx_word' id='word_1_46' title='bbox 109 805 175 853; x_wconf 89' lang='lat' dir='ltr'>nea</span> <span class='ocrx_word' id='word_1_47' title='bbox 195 794 230 853; x_wconf 94' lang='lat' dir='ltr'>in</span> <span class='ocrx_word' id='word_1_48' title='bbox 250 792 342 869; x_wconf 86' lang='lat' dir='ltr'>gravi</span> <span class='ocrx_word' id='word_1_49' title='bbox 362 793 490 854; x_wconf 90' lang='lat' dir='ltr'>morbo.</span> <span class='ocrx_word' id='word_1_50' title='bbox 511 792 583 855; x_wconf 75' lang='lat' dir='ltr'>Hac</span> <span class='ocrx_word' id='word_1_51' title='bbox 607 792 731 853; x_wconf 90' lang='lat' dir='ltr'>curatio</span> <span class='ocrx_word' id='word_1_52' title='bbox 762 795 792 854; x_wconf 80' lang='lat'>1⁰</span> <span class='ocrx_word' id='word_1_53' title='bbox 814 790 925 870; x_wconf 88' lang='lat' dir='ltr'>quoad</span> <span class='ocrx_word' id='word_1_54' title='bbox 946 789 1025 852; x_wconf 85' lang='lat' dir='ltr'>facti</span> <span class='ocrx_word' id='word_1_55' title='bbox 1047 791 1128 852; x_wconf 85' lang='lat' dir='ltr'>sub-</span> 
     </span>
     <span class='ocr_line' id='line_1_8' title="bbox 94 869 1128 949; baseline 0.003 -21"><span class='ocrx_word' id='word_1_56' title='bbox 94 872 277 943; x_wconf 89' lang='lat' dir='ltr'>stantiam,</span> <span class='ocrx_word' id='word_1_57' title='bbox 288 888 357 933; x_wconf 92' lang='lat' dir='ltr'>non</span> <span class='ocrx_word' id='word_1_58' title='bbox 367 871 498 933; x_wconf 89' lang='lat' dir='ltr'>excedit</span> <span class='ocrx_word' id='word_1_59' title='bbox 506 870 698 933; x_wconf 80' lang='lat' dir='ltr'>facultatem</span> <span class='ocrx_word' id='word_1_60' title='bbox 706 877 850 944; x_wconf 87' lang='lat' dir='ltr'>naturae;</span> <span class='ocrx_word' id='word_1_61' title='bbox 862 874 895 934; x_wconf 79' lang='lat'>2⁰</span> <span class='ocrx_word' id='word_1_62' title='bbox 906 870 1006 933; x_wconf 84' lang='lat' dir='ltr'>etiam</span> <span class='ocrx_word' id='word_1_63' title='bbox 1016 869 1128 949; x_wconf 83' lang='lat' dir='ltr'>quoad</span> 
     </span>
     <span class='ocr_line' id='line_1_9' title="bbox 106 950 1127 1029; baseline -0.001 -17"><span class='ocrx_word' id='word_1_64' title='bbox 106 950 309 1029; x_wconf 83' lang='lat' dir='ltr'>subjectum,</span> <span class='ocrx_word' id='word_1_65' title='bbox 327 950 478 1012; x_wconf 80' lang='lat' dir='ltr'><strong>ordinem</strong></span> <span class='ocrx_word' id='word_1_66' title='bbox 492 954 616 1012; x_wconf 87' lang='lat' dir='ltr'>naturae</span> <span class='ocrx_word' id='word_1_67' title='bbox 631 954 747 1012; x_wconf 80' lang='lat' dir='ltr'>creata</span> <span class='ocrx_word' id='word_1_68' title='bbox 761 968 830 1013; x_wconf 93' lang='lat' dir='ltr'>non</span> <span class='ocrx_word' id='word_1_69' title='bbox 850 957 1040 1027; x_wconf 79' lang='lat' dir='ltr'>exsuperat,</span> <span class='ocrx_word' id='word_1_70' title='bbox 1065 950 1127 1011; x_wconf 90' lang='lat' dir='ltr'>sed</span> 
     </span>
     <span class='ocr_line' id='line_1_10' title="bbox 106 1027 990 1107; baseline 0.002 -18"><span class='ocrx_word' id='word_1_71' title='bbox 106 1027 270 1092; x_wconf 80' lang='lat' dir='ltr'><strong>duntaxat</strong></span> <span class='ocrx_word' id='word_1_72' title='bbox 284 1030 395 1107; x_wconf 86' lang='lat' dir='ltr'>quoad</span> <span class='ocrx_word' id='word_1_73' title='bbox 409 1029 555 1102; x_wconf 86' lang='lat' dir='ltr'>modum,</span> <span class='ocrx_word' id='word_1_74' title='bbox 579 1030 707 1093; x_wconf 88' lang='lat' dir='ltr'>scilicet</span> <span class='ocrx_word' id='word_1_75' title='bbox 727 1032 806 1107; x_wconf 89' lang='lat' dir='ltr'>quia</span> <span class='ocrx_word' id='word_1_76' title='bbox 820 1032 930 1093; x_wconf 90' lang='lat' dir='ltr'>subito</span> <span class='ocrx_word' id='word_1_77' title='bbox 942 1028 990 1093; x_wconf 87' lang='lat' dir='ltr'>fit.</span> 
     </span>
    </p>

    <p class='ocr_par' dir='ltr' id='par_1_3' title="bbox 101 1108 1128 1823">
     <span class='ocr_line' id='line_1_11' title="bbox 149 1108 1126 1189; baseline -0.002 -19"><span class='ocrx_word' id='word_1_78' title='bbox 149 1110 220 1170; x_wconf 87' lang='lat'><strong>100.</strong></span> <span class='ocrx_word' id='word_1_79' title='bbox 236 1127 276 1155; x_wconf 90' lang='lat'>-·</span> <span class='ocrx_word' id='word_1_80' title='bbox 287 1110 353 1172; x_wconf 87' lang='lat' dir='ltr'>Alii</span> <span class='ocrx_word' id='word_1_81' title='bbox 372 1110 542 1189; x_wconf 68' lang='lat' dir='ltr'>theologi,</span> <span class='ocrx_word' id='word_1_82' title='bbox 567 1115 642 1187; x_wconf 86' lang='lat' dir='ltr'>post</span> <span class='ocrx_word' id='word_1_83' title='bbox 655 1110 688 1171; x_wconf 90' lang='lat' dir='ltr'>S.</span> <span class='ocrx_word' id='word_1_84' title='bbox 705 1111 873 1185; x_wconf 84' lang='lat' dir='ltr'>Thomam,</span> <span class='ocrx_word' id='word_1_85' title='bbox 888 1111 986 1173; x_wconf 89' lang='lat' dir='ltr'>aliam</span> <span class='ocrx_word' id='word_1_86' title='bbox 1000 1109 1042 1169; x_wconf 92' lang='lat' dir='ltr'>ab</span> <span class='ocrx_word' id='word_1_87' title='bbox 1062 1108 1126 1169; x_wconf 90' lang='lat' dir='ltr'>hac</span> 
     </span>
     <span class='ocr_line' id='line_1_12' title="bbox 104 1188 1127 1270; baseline -0.001 -21"><span class='ocrx_word' id='word_1_88' title='bbox 104 1188 161 1249; x_wconf 86' lang='lat' dir='ltr'>vix</span> <span class='ocrx_word' id='word_1_89' title='bbox 185 1189 367 1251; x_wconf 82' lang='lat' dir='ltr'>absimilem</span> <span class='ocrx_word' id='word_1_90' title='bbox 389 1194 580 1267; x_wconf 91' lang='lat' dir='ltr'>proponunt</span> <span class='ocrx_word' id='word_1_91' title='bbox 600 1190 822 1267; x_wconf 70' lang='lat' dir='ltr'>partitionem,</span> <span class='ocrx_word' id='word_1_92' title='bbox 851 1207 917 1270; x_wconf 89' lang='lat' dir='ltr'>qua</span> <span class='ocrx_word' id='word_1_93' title='bbox 937 1188 1127 1251; x_wconf 79' lang='lat' dir='ltr'>miraculosi</span> 
     </span>
     <span class='ocr_line' id='line_1_13' title="bbox 105 1267 1128 1346; baseline 0.001 -19"><span class='ocrx_word' id='word_1_94' title='bbox 105 1267 248 1329; x_wconf 77' lang='lat' dir='ltr'>effectus</span> <span class='ocrx_word' id='word_1_95' title='bbox 270 1270 455 1346; x_wconf 87' lang='lat' dir='ltr'>partiuntur</span> <span class='ocrx_word' id='word_1_96' title='bbox 474 1269 508 1330; x_wconf 90' lang='lat' dir='ltr'>in</span> <span class='ocrx_word' id='word_1_97' title='bbox 529 1269 688 1329; x_wconf 86' lang='lat' dir='ltr'>miracula</span> <span class='ocrx_word' id='word_1_98' title='bbox 704 1270 733 1329; x_wconf 68' lang='grc' dir='ltr'>1ο</span> <span class='ocrx_word' id='word_1_99' title='bbox 746 1286 849 1344; x_wconf 79' lang='lat' dir='ltr'>supra</span> <span class='ocrx_word' id='word_1_100' title='bbox 871 1276 1039 1339; x_wconf 81' lang='lat' dir='ltr'>naturam,</span> <span class='ocrx_word' id='word_1_101' title='bbox 1064 1283 1128 1330; x_wconf 88' lang='lat' dir='ltr'>seu</span> 
     </span>
     <span class='ocr_line' id='line_1_14' title="bbox 102 1346 1126 1430; baseline 0 -23"><span class='ocrx_word' id='word_1_102' title='bbox 102 1346 202 1425; x_wconf 84' lang='lat' dir='ltr'>leges</span> <span class='ocrx_word' id='word_1_103' title='bbox 216 1352 345 1415; x_wconf 88' lang='lat' dir='ltr'>naturae</span> <span class='ocrx_word' id='word_1_104' title='bbox 358 1364 493 1424; x_wconf 90' lang='lat' dir='ltr'>prorsus</span> <span class='ocrx_word' id='word_1_105' title='bbox 508 1347 728 1422; x_wconf 67' lang='lat' dir='ltr'>excedentem</span> <span class='ocrx_word' id='word_1_106' title='bbox 751 1366 782 1410; x_wconf 83' lang='lat' dir='ltr'>v.</span> <span class='ocrx_word' id='word_1_107' title='bbox 806 1367 855 1430; x_wconf 88' lang='lat' dir='ltr'>g.,</span> <span class='ocrx_word' id='word_1_108' title='bbox 877 1352 1001 1411; x_wconf 90' lang='lat' dir='ltr'>mortui</span> <span class='ocrx_word' id='word_1_109' title='bbox 1012 1362 1126 1407; x_wconf 89' lang='lat' dir='ltr'>resur·</span> 
     </span>
     <span class='ocr_line' id='line_1_15' title="bbox 103 1428 1124 1507; baseline -0.001 -21"><span class='ocrx_word' id='word_1_110' title='bbox 103 1428 224 1501; x_wconf 91' lang='lat' dir='ltr'>rectio,</span> <span class='ocrx_word' id='word_1_111' title='bbox 239 1428 407 1504; x_wconf 74' lang='lat' dir='ltr'>replicatio</span> <span class='ocrx_word' id='word_1_112' title='bbox 433 1428 573 1507; x_wconf 87' lang='lat' dir='ltr'>alicujus</span> <span class='ocrx_word' id='word_1_113' title='bbox 594 1428 752 1499; x_wconf 89' lang='lat' dir='ltr'>hominis;</span> <span class='ocrx_word' id='word_1_114' title='bbox 767 1430 801 1489; x_wconf 78' lang='lat'>2⁰</span> <span class='ocrx_word' id='word_1_115' title='bbox 820 1433 932 1491; x_wconf 83' lang='lat' dir='ltr'>contra</span> <span class='ocrx_word' id='word_1_116' title='bbox 953 1433 1124 1499; x_wconf 79' lang='lat' dir='ltr'>naturam,</span> 
     </span>
     <span class='ocr_line' id='line_1_16' title="bbox 101 1506 1126 1585; baseline -0.001 -18"><span class='ocrx_word' id='word_1_117' title='bbox 101 1522 229 1582; x_wconf 87' lang='lat' dir='ltr'>nempe</span> <span class='ocrx_word' id='word_1_118' title='bbox 252 1507 386 1585; x_wconf 90' lang='lat' dir='ltr'>quando</span> <span class='ocrx_word' id='word_1_119' title='bbox 410 1507 596 1571; x_wconf 86' lang='lat' dir='ltr'>secundum</span> <span class='ocrx_word' id='word_1_120' title='bbox 615 1511 740 1568; x_wconf 80' lang='lat' dir='ltr'>natura</span> <span class='ocrx_word' id='word_1_121' title='bbox 755 1507 919 1581; x_wconf 84' lang='lat' dir='ltr'>ordinem,</span> <span class='ocrx_word' id='word_1_122' title='bbox 935 1506 1126 1585; x_wconf 88' lang='lat' dir='ltr'>oppositum</span> 
     </span>
     <span class='ocr_line' id='line_1_17' title="bbox 103 1585 1124 1667; baseline -0.001 -20"><span class='ocrx_word' id='word_1_123' title='bbox 103 1589 301 1665; x_wconf 83' lang='lat' dir='ltr'>contingere</span> <span class='ocrx_word' id='word_1_124' title='bbox 324 1586 475 1656; x_wconf 85' lang='lat' dir='ltr'>deberet,</span> <span class='ocrx_word' id='word_1_125' title='bbox 498 1604 528 1649; x_wconf 89' lang='lat' dir='ltr'>v.</span> <span class='ocrx_word' id='word_1_126' title='bbox 552 1606 597 1667; x_wconf 67' lang='lat' dir='ltr'>g„</span> <span class='ocrx_word' id='word_1_127' title='bbox 620 1585 772 1648; x_wconf 79' lang='lat' dir='ltr'>iordanis</span> <span class='ocrx_word' id='word_1_128' title='bbox 800 1589 970 1650; x_wconf 80' lang='lat' dir='ltr'>conversio</span> <span class='ocrx_word' id='word_1_129' title='bbox 1002 1590 1124 1647; x_wconf 90' lang='lat' dir='ltr'>retror-</span> 
     </span>
     <span class='ocr_line' id='line_1_18' title="bbox 102 1664 1123 1744; baseline -0.001 -17"><span class='ocrx_word' id='word_1_130' title='bbox 102 1678 196 1740; x_wconf 80' lang='lat' dir='ltr'>sum3</span> <span class='ocrx_word' id='word_1_131' title='bbox 219 1668 251 1727; x_wconf 83' lang='lat'>3⁰</span> <span class='ocrx_word' id='word_1_132' title='bbox 261 1672 383 1742; x_wconf 77' lang='lat' dir='ltr'>prater</span> <span class='ocrx_word' id='word_1_133' title='bbox 395 1672 557 1737; x_wconf 81' lang='lat' dir='ltr'>naturum,</span> <span class='ocrx_word' id='word_1_134' title='bbox 580 1680 642 1727; x_wconf 89' lang='lat' dir='ltr'>seu</span> <span class='ocrx_word' id='word_1_135' title='bbox 660 1664 774 1744; x_wconf 90' lang='lat' dir='ltr'>quoad</span> <span class='ocrx_word' id='word_1_136' title='bbox 794 1666 931 1728; x_wconf 90' lang='lat' dir='ltr'>modum</span> <span class='ocrx_word' id='word_1_137' title='bbox 952 1666 1123 1739; x_wconf 79' lang='lat' dir='ltr'>duntaxat,</span> 
     </span>
     <span class='ocr_line' id='line_1_19' title="bbox 101 1746 592 1823; baseline 0.004 -20"><span class='ocrx_word' id='word_1_138' title='bbox 101 1759 135 1806; x_wconf 88' lang='lat' dir='ltr'>v.</span> <span class='ocrx_word' id='word_1_139' title='bbox 158 1747 433 1823; x_wconf 86' lang='lat' dir='ltr'>g.,instantanea</span> <span class='ocrx_word' id='word_1_140' title='bbox 456 1746 592 1807; x_wconf 88' lang='lat' dir='ltr'>curatio.</span> 
     </span>
    </p>
   </div>
   <div class='ocr_carea' id='block_1_3' title="bbox 266 1866 961 1938">
    <p class='ocr_par' dir='ltr' id='par_1_4' title="bbox 266 1866 961 1938">
     <span class='ocr_line' id='line_1_20' title="bbox 266 1866 961 1938; baseline 0.001 -17"><span class='ocrx_word' id='word_1_141' title='bbox 266 1870 284 1931; x_wconf 63' lang='grc' dir='ltr'>ὅ</span> <span class='ocrx_word' id='word_1_142' title='bbox 299 1868 330 1921; x_wconf 89' lang='lat' dir='ltr'>ll.</span> <span class='ocrx_word' id='word_1_143' title='bbox 346 1868 387 1921; x_wconf 88' lang='lat' dir='ltr'>De</span> <span class='ocrx_word' id='word_1_144' title='bbox 401 1866 644 1938; x_wconf 83' lang='lat' dir='ltr'>praeternaturali</span> <span class='ocrx_word' id='word_1_145' title='bbox 658 1869 691 1922; x_wconf 86' lang='lat' dir='ltr'>at</span> <span class='ocrx_word' id='word_1_146' title='bbox 704 1866 787 1923; x_wconf 83' lang='lat' dir='ltr'>falsis</span> <span class='ocrx_word' id='word_1_147' title='bbox 800 1866 961 1922; x_wconf 84' lang='lat' dir='ltr'>miraculis.</span> 
     </span>
    </p>
   </div>
   <div class='ocr_carea' id='block_1_4' title="bbox 97 1981 1126 3793">
    <p class='ocr_par' dir='ltr' id='par_1_5' title="bbox 100 1981 1126 3009">
     <span class='ocr_line' id='line_1_21' title="bbox 145 1981 1122 2060; baseline 0.002 -19"><span class='ocrx_word' id='word_1_148' title='bbox 145 1981 215 2043; x_wconf 88' lang='lat'>101.</span> <span class='ocrx_word' id='word_1_149' title='bbox 239 2014 277 2025; x_wconf 91' lang='lat'>-</span> <span class='ocrx_word' id='word_1_150' title='bbox 299 1983 387 2043; x_wconf 88' lang='lat' dir='ltr'>luter</span> <span class='ocrx_word' id='word_1_151' title='bbox 401 1983 653 2059; x_wconf 89' lang='lat' dir='ltr'>supernaturale</span> <span class='ocrx_word' id='word_1_152' title='bbox 669 1983 781 2044; x_wconf 87' lang='lat' dir='ltr'>stricte</span> <span class='ocrx_word' id='word_1_153' title='bbox 796 1985 965 2060; x_wconf 91' lang='lat' dir='ltr'>sumptum</span> <span class='ocrx_word' id='word_1_154' title='bbox 980 1986 1015 2043; x_wconf 91' lang='lat' dir='ltr'>et</span> <span class='ocrx_word' id='word_1_155' title='bbox 1028 1987 1122 2044; x_wconf 91' lang='lat' dir='ltr'>natu·</span> 
     </span>
     <span class='ocr_line' id='line_1_22' title="bbox 102 2060 1123 2139; baseline 0.002 -18"><span class='ocrx_word' id='word_1_156' title='bbox 102 2060 173 2123; x_wconf 84' lang='grc'><strong>1111</strong></span> <span class='ocrx_word' id='word_1_157' title='bbox 195 2061 294 2122; x_wconf 90' lang='lat' dir='ltr'>datur</span> <span class='ocrx_word' id='word_1_158' title='bbox 314 2061 395 2123; x_wconf 91' lang='lat' dir='ltr'>crdo</span> <span class='ocrx_word' id='word_1_159' title='bbox 417 2061 635 2124; x_wconf 78' lang='lat' dir='ltr'>intermedius</span> <span class='ocrx_word' id='word_1_160' title='bbox 658 2062 715 2139; x_wconf 89' lang='lat' dir='ltr'>qui</span> <span class='ocrx_word' id='word_1_161' title='bbox 730 2062 1015 2137; x_wconf 77' lang='lat' dir='ltr'>praterccturctis</span> <span class='ocrx_word' id='word_1_162' title='bbox 1040 2062 1123 2123; x_wconf 90' lang='lat' dir='ltr'>dici-</span> 
     </span>
     <span class='ocr_line' id='line_1_23' title="bbox 103 2140 1126 2218; baseline 0.001 -17"><span class='ocrx_word' id='word_1_163' title='bbox 103 2144 168 2202; x_wconf 91' lang='lat' dir='ltr'>tur.</span> <span class='ocrx_word' id='word_1_164' title='bbox 184 2140 456 2206; x_wconf 87' lang='lat' dir='ltr'>Praeternaturale</span> <span class='ocrx_word' id='word_1_165' title='bbox 472 2141 575 2218; x_wconf 88' lang='lat' dir='ltr'>accipi</span> <span class='ocrx_word' id='word_1_166' title='bbox 589 2145 701 2218; x_wconf 91' lang='lat' dir='ltr'>potest</span> <span class='ocrx_word' id='word_1_167' title='bbox 709 2143 859 2217; x_wconf 68' lang='lat' dir='ltr'>uenerati</span> <span class='ocrx_word' id='word_1_168' title='bbox 869 2140 1126 2217; x_wconf 81' lang='lat' dir='ltr'>autspecr‘ctc‘ori</span> 
     </span>
     <span class='ocr_line' id='line_1_24' title="bbox 101 2218 1123 2297; baseline 0 -16"><span class='ocrx_word' id='word_1_169' title='bbox 101 2218 218 2283; x_wconf 88' lang='lat' dir='ltr'>modo.</span> <span class='ocrx_word' id='word_1_170' title='bbox 243 2220 349 2281; x_wconf 84' lang='lat' dir='ltr'>Primo</span> <span class='ocrx_word' id='word_1_171' title='bbox 371 2236 473 2281; x_wconf 86' lang='lat' dir='ltr'>sensu</span> <span class='ocrx_word' id='word_1_172' title='bbox 494 2225 684 2297; x_wconf 86' lang='lat' dir='ltr'>acceptum,</span> <span class='ocrx_word' id='word_1_173' title='bbox 700 2221 974 2297; x_wconf 86' lang='lat' dir='ltr'>praeternaturale</span> <span class='ocrx_word' id='word_1_174' title='bbox 990 2225 1052 2292; x_wconf 85' lang='lat' dir='ltr'>est,</span> <span class='ocrx_word' id='word_1_175' title='bbox 1067 2222 1123 2282; x_wconf 89' lang='lat' dir='ltr'>vel</span> 
     </span>
     <span class='ocr_line' id='line_1_25' title="bbox 104 2298 1124 2378; baseline 0 -17"><span class='ocrx_word' id='word_1_176' title='bbox 104 2302 136 2361; x_wconf 89' lang='lat'>1⁰</span> <span class='ocrx_word' id='word_1_177' title='bbox 153 2298 191 2361; x_wconf 86' lang='lat' dir='ltr'>id</span> <span class='ocrx_word' id='word_1_178' title='bbox 211 2298 299 2376; x_wconf 86' lang='lat' dir='ltr'>quod</span> <span class='ocrx_word' id='word_1_179' title='bbox 314 2299 465 2361; x_wconf 89' lang='lat' dir='ltr'>ordinem</span> <span class='ocrx_word' id='word_1_180' title='bbox 487 2316 597 2362; x_wconf 90' lang='lat' dir='ltr'>rerum</span> <span class='ocrx_word' id='word_1_181' title='bbox 619 2305 804 2361; x_wconf 90' lang='lat' dir='ltr'>creatarum</span> <span class='ocrx_word' id='word_1_182' title='bbox 822 2304 1014 2378; x_wconf 38' lang='lat' dir='ltr'>*erl-superat,</span> <span class='ocrx_word' id='word_1_183' title='bbox 1044 2301 1124 2362; x_wconf 88' lang='lat' dir='ltr'>licet</span> 
     </span>
     <span class='ocr_line' id='line_1_26' title="bbox 101 2378 1123 2454; baseline 0.002 -15"><span class='ocrx_word' id='word_1_184' title='bbox 101 2380 253 2439; x_wconf 90' lang='lat' dir='ltr'>omnium</span> <span class='ocrx_word' id='word_1_185' title='bbox 272 2395 381 2441; x_wconf 90' lang='lat' dir='ltr'>rerum</span> <span class='ocrx_word' id='word_1_186' title='bbox 408 2380 598 2441; x_wconf 89' lang='lat' dir='ltr'>creabilium</span> <span class='ocrx_word' id='word_1_187' title='bbox 620 2378 771 2442; x_wconf 88' lang='lat' dir='ltr'>ordinem</span> <span class='ocrx_word' id='word_1_188' title='bbox 795 2396 863 2441; x_wconf 90' lang='lat' dir='ltr'>nou</span> <span class='ocrx_word' id='word_1_189' title='bbox 878 2379 1046 2454; x_wconf 89' lang='lat' dir='ltr'>transiliat,</span> <span class='ocrx_word' id='word_1_190' title='bbox 1068 2380 1123 2441; x_wconf 89' lang='lat' dir='ltr'>vel</span> 
     </span>
     <span class='ocr_line' id='line_1_27' title="bbox 100 2456 1121 2537; baseline 0 -18"><span class='ocrx_word' id='word_1_191' title='bbox 100 2459 135 2519; x_wconf 79' lang='lat'>2⁰</span> <span class='ocrx_word' id='word_1_192' title='bbox 155 2456 191 2517; x_wconf 92' lang='lat' dir='ltr'>id</span> <span class='ocrx_word' id='word_1_193' title='bbox 212 2458 302 2535; x_wconf 89' lang='lat' dir='ltr'>quod</span> <span class='ocrx_word' id='word_1_194' title='bbox 323 2463 475 2519; x_wconf 87' lang='lat' dir='ltr'>naturam</span> <span class='ocrx_word' id='word_1_195' title='bbox 496 2474 630 2520; x_wconf 89' lang='lat' dir='ltr'>omnem</span> <span class='ocrx_word' id='word_1_196' title='bbox 644 2476 712 2521; x_wconf 92' lang='lat' dir='ltr'>non</span> <span class='ocrx_word' id='word_1_197' title='bbox 728 2458 869 2529; x_wconf 81' lang='lat' dir='ltr'>excedit,</span> <span class='ocrx_word' id='word_1_198' title='bbox 884 2460 963 2521; x_wconf 89' lang='lat' dir='ltr'>licet</span> <span class='ocrx_word' id='word_1_199' title='bbox 978 2460 1121 2537; x_wconf 84' lang='lat' dir='ltr'>aliquam</span> 
     </span>
     <span class='ocr_line' id='line_1_28' title="bbox 100 2536 1118 2616; baseline 0.001 -19"><span class='ocrx_word' id='word_1_200' title='bbox 100 2540 256 2599; x_wconf 90' lang='lat' dir='ltr'>naturam</span> <span class='ocrx_word' id='word_1_201' title='bbox 277 2536 539 2608; x_wconf 85' lang='lat' dir='ltr'>determinatam,</span> <span class='ocrx_word' id='word_1_202' title='bbox 563 2544 644 2616; x_wconf 88' lang='lat' dir='ltr'>puta</span> <span class='ocrx_word' id='word_1_203' title='bbox 658 2540 847 2611; x_wconf 87' lang='grc'><strong>1111111111,</strong></span> <span class='ocrx_word' id='word_1_204' title='bbox 863 2539 1118 2616; x_wconf 87' lang='lat' dir='ltr'>superemineat.</span> 
     </span>
     <span class='ocr_line' id='line_1_29' title="bbox 101 2616 1118 2699; baseline 0.001 -22"><span class='ocrx_word' id='word_1_205' title='bbox 101 2616 251 2678; x_wconf 84' lang='lat' dir='ltr'>Pressius</span> <span class='ocrx_word' id='word_1_206' title='bbox 267 2622 300 2678; x_wconf 98' lang='grc'>11</span> <span class='ocrx_word' id='word_1_207' title='bbox 313 2621 412 2693; x_wconf 90' lang='lat' dir='ltr'>prout</span> <span class='ocrx_word' id='word_1_208' title='bbox 425 2622 578 2679; x_wconf 86' lang='lat' dir='ltr'>accurate</span> <span class='ocrx_word' id='word_1_209' title='bbox 600 2618 810 2699; x_wconf 83' lang='lat' dir='ltr'>distinguitur</span> <span class='ocrx_word' id='word_1_210' title='bbox 831 2623 899 2679; x_wconf 90' lang='lat' dir='ltr'>tam</span> <span class='ocrx_word' id='word_1_211' title='bbox 920 2634 940 2678; x_wconf 88' lang='lat' dir='ltr'>a</span> <span class='ocrx_word' id='word_1_212' title='bbox 958 2633 1118 2695; x_wconf 88' lang='lat' dir='ltr'>superna·</span> 
     </span>
     <span class='ocr_line' id='line_1_30' title="bbox 102 2697 1117 2775; baseline 0.002 -19"><span class='ocrx_word' id='word_1_213' title='bbox 102 2697 200 2757; x_wconf 88' lang='lat' dir='ltr'>turali</span> <span class='ocrx_word' id='word_1_214' title='bbox 212 2712 315 2773; x_wconf 39' lang='lat' dir='ltr'>,quam</span> <span class='ocrx_word' id='word_1_215' title='bbox 330 2710 350 2757; x_wconf 85' lang='lat' dir='ltr'>a</span> <span class='ocrx_word' id='word_1_216' title='bbox 364 2698 516 2771; x_wconf 90' lang='lat' dir='ltr'>naturali,</span> <span class='ocrx_word' id='word_1_217' title='bbox 534 2698 631 2759; x_wconf 89' lang='lat' dir='ltr'>estid</span> <span class='ocrx_word' id='word_1_218' title='bbox 653 2697 744 2775; x_wconf 89' lang='lat' dir='ltr'>quod</span> <span class='ocrx_word' id='word_1_219' title='bbox 759 2715 801 2759; x_wconf 86' lang='lat' dir='ltr'>ex</span> <span class='ocrx_word' id='word_1_220' title='bbox 814 2713 881 2759; x_wconf 90' lang='lat' dir='ltr'>una</span> <span class='ocrx_word' id='word_1_221' title='bbox 902 2702 996 2775; x_wconf 91' lang='lat' dir='ltr'>parte</span> <span class='ocrx_word' id='word_1_222' title='bbox 1020 2701 1117 2759; x_wconf 84' lang='lat' dir='ltr'>natu·</span> 
     </span>
     <span class='ocr_line' id='line_1_31' title="bbox 100 2775 1117 2855; baseline 0.002 -20"><span class='ocrx_word' id='word_1_223' title='bbox 100 2790 173 2837; x_wconf 88' lang='lat' dir='ltr'>ram</span> <span class='ocrx_word' id='word_1_224' title='bbox 191 2781 335 2836; x_wconf 90' lang='lat' dir='ltr'>creatam</span> <span class='ocrx_word' id='word_1_225' title='bbox 357 2782 492 2852; x_wconf 88' lang='lat' dir='ltr'>superat</span> <span class='ocrx_word' id='word_1_226' title='bbox 508 2783 541 2839; x_wconf 90' lang='grc'>11</span> <span class='ocrx_word' id='word_1_227' title='bbox 555 2778 595 2838; x_wconf 90' lang='lat' dir='ltr'>ab</span> <span class='ocrx_word' id='word_1_228' title='bbox 614 2778 687 2855; x_wconf 89' lang='lat' dir='ltr'>ipsa</span> <span class='ocrx_word' id='word_1_229' title='bbox 708 2792 776 2838; x_wconf 87' lang='lat' dir='ltr'>non</span> <span class='ocrx_word' id='word_1_230' title='bbox 799 2775 941 2841; x_wconf 83' lang='lat' dir='ltr'>efficitur</span> <span class='ocrx_word' id='word_1_231' title='bbox 963 2793 1026 2838; x_wconf 86' lang='lat' dir='ltr'>nec</span> <span class='ocrx_word' id='word_1_232' title='bbox 1049 2776 1117 2838; x_wconf 89' lang='lat' dir='ltr'>exi·</span> 
     </span>
     <span class='ocr_line' id='line_1_32' title="bbox 101 2854 1119 2937; baseline 0.002 -22"><span class='ocrx_word' id='word_1_233' title='bbox 101 2856 202 2933; x_wconf 80' lang='lat' dir='ltr'>gitur,</span> <span class='ocrx_word' id='word_1_234' title='bbox 226 2858 323 2915; x_wconf 88' lang='lat' dir='ltr'>etex</span> <span class='ocrx_word' id='word_1_235' title='bbox 344 2856 446 2917; x_wconf 89' lang='lat' dir='ltr'>altera</span> <span class='ocrx_word' id='word_1_236' title='bbox 473 2857 612 2935; x_wconf 77' lang='lat' dir='ltr'>vestigia</span> <span class='ocrx_word' id='word_1_237' title='bbox 639 2858 750 2937; x_wconf 85' lang='lat' dir='ltr'>habet,</span> <span class='ocrx_word' id='word_1_238' title='bbox 781 2873 842 2918; x_wconf 91' lang='lat' dir='ltr'>seu</span> <span class='ocrx_word' id='word_1_239' title='bbox 870 2859 979 2934; x_wconf 89' lang='lat' dir='ltr'>aliquo</span> <span class='ocrx_word' id='word_1_240' title='bbox 1018 2854 1119 2918; x_wconf 91' lang='lat' dir='ltr'>modo</span> 
     </span>
     <span class='ocr_line' id='line_1_33' title="bbox 100 2933 870 3009; baseline 0.001 -11"><span class='ocrx_word' id='word_1_241' title='bbox 100 2933 328 3008; x_wconf 81' lang='lat' dir='ltr'>adumbratur,</span> <span class='ocrx_word' id='word_1_242' title='bbox 344 2934 377 2995; x_wconf 87' lang='lat' dir='ltr'>in</span> <span class='ocrx_word' id='word_1_243' title='bbox 391 2935 453 2997; x_wconf 88' lang='lat' dir='ltr'>hac</span> <span class='ocrx_word' id='word_1_244' title='bbox 465 2940 592 2999; x_wconf 87' lang='lat' dir='ltr'>natura.</span> <span class='ocrx_word' id='word_1_245' title='bbox 868 3004 870 3009; x_wconf 65' lang='grc'><strong>,</strong></span> 
     </span>
    </p>

    <p class='ocr_par' dir='ltr' id='par_1_6' title="bbox 97 3013 1122 3791">
     <span class='ocr_line' id='line_1_34' title="bbox 141 3013 1121 3093; baseline 0.001 -20"><span class='ocrx_word' id='word_1_246' title='bbox 141 3014 257 3091; x_wconf 85' lang='lat' dir='ltr'>ltaque</span> <span class='ocrx_word' id='word_1_247' title='bbox 276 3017 546 3091; x_wconf 87' lang='lat' dir='ltr'>praeternaturale</span> <span class='ocrx_word' id='word_1_248' title='bbox 568 3019 680 3093; x_wconf 88' lang='lat' dir='ltr'>potest</span> <span class='ocrx_word' id='word_1_249' title='bbox 694 3014 898 3078; x_wconf 87' lang='lat' dir='ltr'>considerari</span> <span class='ocrx_word' id='word_1_250' title='bbox 918 3015 987 3076; x_wconf 89' lang='lat' dir='ltr'>sive</span> <span class='ocrx_word' id='word_1_251' title='bbox 1008 3013 1121 3093; x_wconf 85' lang='lat' dir='ltr'>quoad</span> 
     </span>
     <span class='ocr_line' id='line_1_35' title="bbox 97 3094 1119 3173; baseline 0.001 -20"><span class='ocrx_word' id='word_1_252' title='bbox 97 3094 315 3168; x_wconf 72' lang='lat' dir='ltr'>cmc&#39;peutc‘am,</span> <span class='ocrx_word' id='word_1_253' title='bbox 346 3097 413 3155; x_wconf 92' lang='lat' dir='ltr'>sive</span> <span class='ocrx_word' id='word_1_254' title='bbox 449 3095 562 3171; x_wconf 85' lang='lat' dir='ltr'>quoad</span> <span class='ocrx_word' id='word_1_255' title='bbox 593 3095 802 3169; x_wconf 76' lang='lat' dir='ltr'>effectionem,</span> <span class='ocrx_word' id='word_1_256' title='bbox 839 3098 874 3155; x_wconf 86' lang='lat' dir='ltr'>et</span> <span class='ocrx_word' id='word_1_257' title='bbox 902 3094 1035 3173; x_wconf 90' lang='lat' dir='ltr'>quidem</span> <span class='ocrx_word' id='word_1_258' title='bbox 1064 3095 1119 3154; x_wconf 88' lang='lat' dir='ltr'>vel</span> 
     </span>
     <span class='ocr_line' id='line_1_36' title="bbox 100 3172 1121 3252; baseline 0.002 -21"><span class='ocrx_word' id='word_1_259' title='bbox 100 3176 259 3248; x_wconf 89' lang='lat' dir='ltr'>respectu</span> <span class='ocrx_word' id='word_1_260' title='bbox 274 3172 373 3234; x_wconf 88' lang='lat' dir='ltr'>totius</span> <span class='ocrx_word' id='word_1_261' title='bbox 394 3177 521 3235; x_wconf 89' lang='lat' dir='ltr'>naturae</span> <span class='ocrx_word' id='word_1_262' title='bbox 545 3177 672 3252; x_wconf 81' lang='lat' dir='ltr'>creata,</span> <span class='ocrx_word' id='word_1_263' title='bbox 695 3175 748 3235; x_wconf 91' lang='lat' dir='ltr'>vel</span> <span class='ocrx_word' id='word_1_264' title='bbox 764 3178 891 3235; x_wconf 90' lang='lat' dir='ltr'>tantum</span> <span class='ocrx_word' id='word_1_265' title='bbox 911 3172 1022 3251; x_wconf 86' lang='lat' dir='ltr'>quoad</span> <span class='ocrx_word' id='word_1_266' title='bbox 1034 3173 1121 3235; x_wconf 91' lang='lat' dir='ltr'>vires</span> 
     </span>
     <span class='ocr_line' id='line_1_37' title="bbox 100 3252 1122 3331; baseline 0.001 -18"><span class='ocrx_word' id='word_1_267' title='bbox 100 3256 225 3313; x_wconf 87' lang='lat' dir='ltr'>naturae</span> <span class='ocrx_word' id='word_1_268' title='bbox 239 3252 403 3315; x_wconf 86' lang='lat' dir='ltr'>humanae.</span> <span class='ocrx_word' id='word_1_269' title='bbox 420 3254 687 3315; x_wconf 81' lang='lat' dir='ltr'>Pratematurale</span> <span class='ocrx_word' id='word_1_270' title='bbox 708 3252 821 3330; x_wconf 83' lang='lat' dir='ltr'>quoad</span> <span class='ocrx_word' id='word_1_271' title='bbox 848 3255 1048 3331; x_wconf 69' lang='lat' dir='ltr'>sumentium</span> <span class='ocrx_word' id='word_1_272' title='bbox 1067 3257 1122 3314; x_wconf 90' lang='lat' dir='ltr'>est</span> 
     </span>
     <span class='ocr_line' id='line_1_38' title="bbox 97 3329 1119 3409; baseline 0.003 -18"><span class='ocrx_word' id='word_1_273' title='bbox 97 3329 135 3393; x_wconf 90' lang='lat' dir='ltr'>id</span> <span class='ocrx_word' id='word_1_274' title='bbox 154 3344 255 3392; x_wconf 85' lang='lat' dir='ltr'>omne</span> <span class='ocrx_word' id='word_1_275' title='bbox 278 3330 368 3409; x_wconf 87' lang='lat' dir='ltr'>quod</span> <span class='ocrx_word' id='word_1_276' title='bbox 386 3335 512 3395; x_wconf 80' lang='lat' dir='ltr'>natura</span> <span class='ocrx_word' id='word_1_277' title='bbox 532 3348 600 3397; x_wconf 87' lang='lat' dir='ltr'>non</span> <span class='ocrx_word' id='word_1_278' title='bbox 616 3333 759 3395; x_wconf 88' lang='lat' dir='ltr'>debetur</span> <span class='ocrx_word' id='word_1_279' title='bbox 784 3337 823 3394; x_wconf 93' lang='lat' dir='ltr'>ut</span> <span class='ocrx_word' id='word_1_280' title='bbox 844 3349 942 3394; x_wconf 89' lang='lat' dir='ltr'>suum</span> <span class='ocrx_word' id='word_1_281' title='bbox 969 3334 1119 3394; x_wconf 82' lang='lat' dir='ltr'>naturale</span> 
     </span>
     <span class='ocr_line' id='line_1_39' title="bbox 101 3410 1120 3491; baseline 0.003 -21"><span class='ocrx_word' id='word_1_282' title='bbox 101 3410 395 3487; x_wconf 90' lang='lat' dir='ltr'>complementum,</span> <span class='ocrx_word' id='word_1_283' title='bbox 413 3410 493 3477; x_wconf 87' lang='lat' dir='ltr'>dum</span> <span class='ocrx_word' id='word_1_284' title='bbox 508 3412 775 3489; x_wconf 71' lang='lat' dir='ltr'>praeternaturale</span> <span class='ocrx_word' id='word_1_285' title='bbox 791 3413 903 3491; x_wconf 88' lang='lat' dir='ltr'>quoad</span> <span class='ocrx_word' id='word_1_286' title='bbox 923 3412 1120 3487; x_wconf 76' lang='lat' dir='ltr'>effectionem</span> 
     </span>
     <span class='ocr_line' id='line_1_40' title="bbox 101 3488 1116 3572; baseline 0.001 -21"><span class='ocrx_word' id='word_1_287' title='bbox 101 3493 153 3551; x_wconf 88' lang='lat' dir='ltr'>est</span> <span class='ocrx_word' id='word_1_288' title='bbox 165 3488 201 3551; x_wconf 91' lang='lat' dir='ltr'>id</span> <span class='ocrx_word' id='word_1_289' title='bbox 220 3489 314 3567; x_wconf 87' lang='lat' dir='ltr'>quod</span> <span class='ocrx_word' id='word_1_290' title='bbox 332 3496 456 3572; x_wconf 87' lang='lat' dir='ltr'>naturae</span> <span class='ocrx_word' id='word_1_291' title='bbox 468 3492 554 3554; x_wconf 87' lang='lat' dir='ltr'>vires</span> <span class='ocrx_word' id='word_1_292' title='bbox 574 3492 759 3569; x_wconf 77' lang='lat' dir='ltr'>preducera</span> <span class='ocrx_word' id='word_1_293' title='bbox 775 3497 950 3570; x_wconf 86' lang='lat' dir='ltr'>nequeunt</span> <span class='ocrx_word' id='word_1_294' title='bbox 978 3509 987 3553; x_wconf 74' lang='grc' dir='ltr'>ε</span> <span class='ocrx_word' id='word_1_295' title='bbox 1015 3490 1116 3565; x_wconf 89' lang='lat' dir='ltr'>istud,</span> 
     </span>
     <span class='ocr_line' id='line_1_41' title="bbox 101 3568 1118 3643; baseline 0.002 -14"><span class='ocrx_word' id='word_1_296' title='bbox 101 3568 233 3630; x_wconf 90' lang='lat' dir='ltr'>etiamsi</span> <span class='ocrx_word' id='word_1_297' title='bbox 250 3570 335 3632; x_wconf 88' lang='lat' dir='ltr'>vires</span> <span class='ocrx_word' id='word_1_298' title='bbox 359 3576 479 3638; x_wconf 77' lang='lat' dir='ltr'>natura</span> <span class='ocrx_word' id='word_1_299' title='bbox 500 3574 648 3635; x_wconf 87' lang='lat' dir='ltr'>humanae</span> <span class='ocrx_word' id='word_1_300' title='bbox 671 3576 799 3633; x_wconf 88' lang='lat' dir='ltr'>tantum</span> <span class='ocrx_word' id='word_1_301' title='bbox 823 3571 976 3643; x_wconf 83' lang='lat' dir='ltr'>excedat,</span> <span class='ocrx_word' id='word_1_302' title='bbox 1001 3569 1118 3633; x_wconf 91' lang='lat' dir='ltr'>dicitur</span> 
     </span>
     <span class='ocr_line' id='line_1_42' title="bbox 98 3647 1118 3791; baseline 0.002 -83"><span class='ocrx_word' id='word_1_303' title='bbox 98 3647 202 3791; x_wconf 58' lang='grc'><strong>311111</strong></span> <span class='ocrx_word' id='word_1_304' title='bbox 217 3649 420 3726; x_wconf 88' lang='lat' dir='ltr'>miraculum,</span> <span class='ocrx_word' id='word_1_305' title='bbox 437 3650 546 3719; x_wconf 85' lang='lat' dir='ltr'>sedin</span> <span class='ocrx_word' id='word_1_306' title='bbox 563 3667 667 3715; x_wconf 84' lang='lat' dir='ltr'>sensu</span> <span class='ocrx_word' id='word_1_307' title='bbox 685 3652 876 3730; x_wconf 85' lang='lat' dir='ltr'>improprio,</span> <span class='ocrx_word' id='word_1_308' title='bbox 898 3654 936 3712; x_wconf 91' lang='lat' dir='ltr'>ut</span> <span class='ocrx_word' id='word_1_309' title='bbox 956 3666 998 3711; x_wconf 89' lang='lat' dir='ltr'>ex</span> <span class='ocrx_word' id='word_1_310' title='bbox 1018 3654 1118 3712; x_wconf 90' lang='lat' dir='ltr'>antea</span> 
     </span>
    </p>

    <p class='ocr_par' dir='ltr' id='par_1_7' title="bbox 124 3728 354 3793">
     <span class='ocr_line' id='line_1_43' title="bbox 124 3728 354 3793; baseline 0.017 -5"><span class='ocrx_word' id='word_1_311' title='bbox 124 3728 197 3789; x_wconf 89' lang='lat' dir='ltr'>ictis</span> <span class='ocrx_word' id='word_1_312' title='bbox 214 3732 354 3793; x_wconf 90' lang='lat' dir='ltr'>constat.</span> 
     </span>
    </p>
   </div>
   <div class='ocr_carea' id='block_1_5' title="bbox 0 0 1326 4209">
    <p class='ocr_par' dir='ltr' id='par_1_8' title="bbox 0 0 1326 4209">
     <span class='ocr_line' id='line_1_44' title="bbox 0 0 1326 4209; baseline 0 2"><span class='ocrx_word' id='word_1_313' title='bbox 0 0 1326 4209; x_wconf 95' lang='lat' dir='ltr'> </span> 
     </span>
    </p>
   </div>
  </div>
 </body>
</html>
