2642 4209
268 307 487 353 martrnrsmt
508 304 666 364 suxeritis,
683 326 721 337 -
737 309 939 355 cosuotoou.
1082 293 1123 355 43

100 422 148 498 gl,
174 420 393 481 Antiot'talt'stae
414 417 501 490 dicti,
526 422 582 497 qui
605 420 811 482 existentiam
833 421 933 500 hujus
946 423 995 481 vis
1017 421 1122 484 vitalis

100 509 241 579 negant,
263 500 317 561 vel
339 501 451 560 saltem
474 498 516 560 ad
538 500 793 573 electrieitatem,
818 503 1066 580 magnetismum
1089 508 1124 565 et

100 578 277 642 affinitates
300 578 462 647 chimicas,
487 594 559 639 eam
581 585 747 642 revocant.
1103 613 1106 618 ,

141 662 176 721 5⁰
186 659 486 722 inconvertibilitas.
502 660 1122 741 Transformitae,tan1presentisquam

102 739 212 801 ultimi
228 740 347 809 saculi,
372 737 494 798 docent
510 737 651 799 viventia
673 742 770 804 unius
792 740 916 817 speciei
939 755 1039 816 posse
1060 741 1123 802 sub

106 818 237 881 influxu
259 823 293 879 et
314 819 443 879 actione
465 834 638 881 causarum
660 823 873 880 externarum
903 820 1124 881 materialium

105 899 255 960 converti
267 914 328 959 seu
351 895 574 959 transformari
594 900 628 959 in
649 900 792 960 viventia
815 900 954 959 alterius
975 915 1013 959 ac
1026 899 1122 961 nobi·

103 979 196 1041 lioris
211 979 347 1055 speciei,
363 980 407 1038 ita
421 981 458 1037 ut
468 993 648 1055 progressu
664 979 810 1055 quodam
820 980 960 1041 naturali
971 982 1004 1039 et
1021 994 1122 1056 spon·

105 1062 205 1119 tanen
228 1058 442 1134 planta-sese
471 1058 666 1119 evolverunt
691 1061 725 1119 in
747 1060 937 1130 animantia,
959 1074 1023 1118 nec
1055 1074 1123 1119 non

106 1138 286 1200 animantia
307 1135 499 1215 imperfecta
520 1135 722 1215 inperfecta,
742 1144 804 1199 etc.
817 1138 947 1215 Negant
959 1153 1038 1216 ergo
1050 1154 1123 1214 spe·

107 1217 175 1280 cies
187 1233 263 1277 esse
274 1217 505 1291 immutabiles
529 1233 568 1277 ae
580 1216 731 1294 proinde,
755 1216 846 1295 quod
858 1218 979 1279 eodem
992 1217 1122 1287 recidit,

103 1299 195 1375 ipsas
217 1297 343 1357 animas
363 1298 542 1359 viventium
566 1301 599 1357 et
619 1300 804 1375 generatim
824 1296 947 1360 formas
969 1296 1125 1358 substan·

107 1377 202 1440 tiales
225 1392 341 1438 omnes
364 1392 438 1437 esse
469 1378 502 1435 in
524 1391 584 1437 sua
610 1378 723 1453 specie
752 1375 834 1438 lixas
867 1381 900 1438 et
928 1377 1124 1439 inconverti-

105 1457 203 1519 biles.
227 1457 294 1517 lmo
317 1472 377 1533 per
397 1457 618 1532 concretiones
630 1462 832 1531 spontaneos,
856 1469 917 1517 seu
936 1472 998 1533 per
1012 1473 1125 1534 quam·

105 1534 185 1598 dam
194 1540 414 1611 spontaneam
427 1550 466 1596 ac
480 1538 702 1597 necessariam
718 1537 860 1597 materia
873 1537 1126 1613 explicationem

104 1616 254 1679 reddunt
274 1617 436 1677 rationem
456 1617 573 1691 prioris
587 1615 801 1755 apparitionis
814 1616 886 1677 vite
909 1617 944 1676 in
972 1615 1123 1677 mundo:

104 1697 185 1760 inde
201 1700 347 1775 systema
360 1695 519 1775 generale
542 1710 604 1756 con
620 1700 730 1756 ectum
751 1710 793 1755 ex
814 1695 1073 1756 transformismo
1090 1699 1125 1755 et

108 1775 259 1839 doctrina
282 1775 323 1835 de
345 1775 616 1853 generationibus
638 1777 832 1853 spontaneis
852 1776 1011 1854 exsurgit,
1034 1774 1125 1855 quod

105 1859 245 1919 vocatur
266 1854 541 1917 Eootutiom'smus.

147 1935 335 1999 Darwinius
355 1938 510 1995 recenter
529 1949 589 2012 per
619 1934 705 1994 hanc
737 1934 922 1995 doctrinam
953 1934 1127 2012 explicavit

107 2017 273 2095 originem
306 2013 456 2087 hominis
490 2028 528 2073 ac
558 2011 698 2091 proinde
730 2016 964 2080 Darwinismus
984 2032 1053 2076 non
1075 2017 1126 2076 est

105 2096 170 2157 nisi
191 2093 306 2179 forma·
324 2092 474 2171 quaedam
506 2096 539 2154 et
569 2094 745 2171 applicatio
774 2096 1055 2170 Transformt'smi,
1090 2097 1127 2155 ut

106 2175 211 2249 aiunt,
232 2182 296 2235 'seu
315 2173 566 2235 Ecotett'oct‘smt'.

111 2298 164 2361 75.
190 2331 229 2340 -
250 2298 357 2357 Tussis
373 2296 395 2357 1.
408 2272 613 2373 ¹Principium
626 2295 725 2357 attale
745 2296 779 2356 in
805 2297 981 2358 viventibus
993 2304 1040 2360 cst
1052 2300 1127 2359 sim·

143 2376 229 2453 pica
256 2384 285 2437 et
311 2391 425 2437 anum.

142 2494 236 2553 Noto.
260 2490 390 2567 Aliquid
412 2494 523 2566 potest
550 2487 614 2551 dici
645 2504 749 2549 unum
773 2493 806 2550 et
827 2488 967 2566 simplex
990 2484 1125 2562 duplici·

107 2576 160 2633 ter
184 2591 191 2631 :
218 2573 247 2632 1⁰
269 2568 378 2646 quoad
399 2571 575 2630 essentiam
599 2573 736 2639 tannim,
751 2585 825 2628 cum
840 2583 900 2629 ens
915 2564 1049 2643 aliquod
1060 2581 1128 2627 non

110 2651 320 2714 constituitur
339 2651 517 2711 intrinsece
538 2648 705 2727 principiis
728 2648 948 2709 essentialiter
967 2644 1125 2717 diversis;

108 2732 141 2793 2'
164 2730 275 2809 quoad
299 2730 474 2791 essentiam
494 2729 591 2789 simul
612 2732 646 2788 et
668 2730 909 2805 quantitatem:
932 2727 995 2787 hoc
1016 2730 1128 2785 autem
1219 2744 1228 2760 .

109 2809 299 2873 secundum
330 2824 437 2885 genus
468 2809 693 2886 simplicitatis,
726 2824 793 2869 non
828 2813 940 2868 autem
975 2806 1126 2881 primum,

110 2890 291 2968 opponitur
313 2887 531 2949 divisibilitati.

155 2969 326 3029 Probatur.
351 2970 475 3029 Omnes
495 2967 581 3029 vires
603 2965 718 3026 vitales
733 2980 804 3042 quae
819 2967 1000 3042 operantur
1012 2962 1045 3022 in
1062 2962 1129 3022 ani·

110 3052 237 3121 mante,
260 3066 291 3108 v.
315 3064 361 3127 g,
386 3048 531 3114 nutritio,
565 3045 766 3114 assimilatio,
801 3047 830 3105 l⁰
860 3043 918 3104 uni
951 3041 1130 3118 eidemque

111 3126 171 3190 fini
203 3130 419 3207 convergunt,
450 3141 572 3202 nempe
603 3122 798 3201 perfectioni
825 3125 860 3182 et
889 3120 1131 3183 conservationi

111 3209 270 3278 viventis;
304 3209 336 3268 2Ἰ
368 3210 446 3267 sunt
471 3207 569 3266 unius
600 3202 820 3281 eJusdemque
846 3201 1002 3279 subjectu
1026 3218 1057 3261 v.
1081 3217 1130 3279 g.,

112 3286 205 3350 idem
227 3303 334 3365 equus
355 3288 463 3355 alitur,
488 3284 647 3360 augescit.
671 3282 781 3353 sentit,
804 3287 869 3342 etc.
892 3284 991 3357 Atqui
1011 3281 1077 3341 vita
1097 3280 1132 3339 in

114 3374 191 3429 octe
220 3369 357 3428 seccado
384 3382 450 3427 non
480 3367 589 3441 potest
612 3362 800 3426 indivisibili
824 3364 951 3422 unitate
972 3359 1047 3433 frui,
1070 3360 1134 3422 nisi

116 3447 264 3509 centrale
287 3445 482 3523 principium
505 3459 523 3503 a
546 3458 611 3519 quo
639 3439 791 3519 emergit,
819 3457 879 3501 seu
905 3443 970 3502 vita
997 3442 1031 3500 in
1059 3444 1134 3500 actu

110 3528 236 3603 primo,
260 3526 301 3586 sit
323 3526 421 3585 etiam
442 3524 550 3600 aliquo
573 3522 672 3584 modo
696 3536 760 3580 una
783 3524 815 3580 et
844 3521 995 3597 simplex.
1021 3519 1132 3579 Plures

116 3608 206 3668 enim
229 3608 314 3667 vires
337 3604 472 3667 diverse
493 3614 561 3663 non
582 3605 722 3678 possunt
743 3603 932 3662 constanter
953 3602 987 3659 et
1006 3597 1134 3659 unifor-

114 3685 214 3748 miter
234 3684 278 3746 ad
298 3700 402 3746 unum
421 3680 523 3744 finem
544 3679 777 3743 indivisibilem
803 3679 993 3750 collineare,
1019 3692 1132 3757 neque
