2642 4209
288 259 487 305 xarxrnrsrca
508 257 664 303 spectans
681 258 837 303 -rnrou
859 258 926 303 uer.
1053 245 1114 307 237

46 361 50 370 '
88 371 157 434 bile
167 371 234 453 (24,
245 370 304 452 5⁰);
317 374 349 434 2⁰
359 376 396 433 ut
408 387 461 433 res
470 372 525 432 illa
537 376 757 449 cognoscatur
770 370 927 446 totaliter,
939 388 1062 451 nempe
1075 379 1114 438 ut

45 489 50 498 ·
88 457 183 517 tanta
199 455 286 516 sitin
309 453 496 532 cognitione
510 453 726 531 intelligentis
741 449 900 529 perfectio
917 456 1040 530 quanta
1063 462 1114 519 est

88 530 339 615 intelligibilitas
351 534 386 593 in
401 532 531 610 obJecto
548 532 639 610 quod
661 533 880 610 cognoscitur.
896 531 1002 595 Prima
1019 550 1111 597 com·

88 613 270 691 prehensio
307 611 426 675 dicitur
453 614 628 683 extensive,
658 611 820 689 posterior
841 627 918 673 vero
936 615 1109 677 1111000100.

36 714 37 771 1
88 693 208 771 ltaque
229 708 297 754 non
311 693 473 754 immerito
496 693 528 753 S.
544 692 746 772 Augustinus
768 690 838 771 (Ep.
866 688 933 769 112)
956 709 1109 770 compre-

35 787 36 795 *
87 771 289 835 hensionem
310 772 357 833 sic
377 771 488 833 delinit
504 791 512 832 :
531 774 645 833 Totum
666 772 947 847 compretendr'tur
959 774 1108 849 videndo,

90 855 238 929 00011110
261 852 443 929 01101111,οι
467 852 548 911 nitet
563 853 633 927 ejrrs
647 850 746 912 101001
768 852 936 912 uidentem.

90 978 161 1040 386.
180 1011 219 1021 -
233 979 351 1038 Tarsia.
367 980 452 1037 Deus
478 981 524 1037 est
548 974 880 1051 incomprehensibilis
905 992 1045 1053 prorsus
1067 979 1108 1041 ob

130 1059 225 1118 omni
236 1056 399 1119 r'otetteetc
412 1062 532 1116 creato.

129 1172 304 1233 Probatur.
326 1169 376 1231 Ad
398 1168 621 1249 cognitionem
638 1168 946 1246 comprehensivam
970 1172 1108 1252 aliquus

89 1252 152 1324 rei,
168 1254 346 1328 requiritur
373 1258 409 1310 ut
426 1266 480 1310 res
494 1249 548 1309 illa
573 1254 637 1309 tota
654 1253 688 1309 et
711 1250 855 1310 totaliter
877 1258 1106 1329 cognoscatur,

90 1346 214 1407 nempe
230 1338 266 1391 ut
278 1334 380 1393 virtus
397 1330 558 1407 cognitiva
571 1329 704 1389 omnino
722 1330 877 1407 adaequet
892 1335 925 1391 et
940 1331 1108 1397 exhauriat

90 1412 217 1473 ob‘ecti
232 1410 557 1489 cognoscibilitatem.
573 1410 672 1486 Atqui
687 1410 786 1484 Deae,
803 1409 860 1487 qui
880 1413 931 1469 est
951 1410 1105 1489 infinitus,

88 1491 122 1550 in
173 1493 251 1551 'tam
265 1491 366 1551 habet
380 1488 689 1568 intelligibilitatem,
704 1504 741 1549 ac
756 1488 895 1566 proinde
910 1495 947 1550 ut
959 1506 1107 1571 compre·

88 1569 266 1642 hendatur,
295 1568 418 1632 infinita
444 1569 544 1630 virtus
572 1568 771 1629 intellectiva
793 1568 1012 1643 desideratur,·
1028 1588 1103 1649 quae

90 1656 247 1712 creature
261 1654 331 1730 tum
345 1650 506 1719 existenti,
524 1653 593 1707 tum
609 1646 742 1709 creabili
764 1653 953 1725 competere
974 1655 1103 1729 nequit.

88 1731 176 1809 llrgo
215 1730 413 1806 impossibile
435 1727 597 1807 estquod
624 1729 809 1790 intellectus
839 1735 968 1791 creatus
996 1732 1102 1795 Deum

90 1808 363 1886 comprehendat.

129 1890 203 1952 387.
223 1918 264 1932 -
287 1888 463 1951 Sotoltum.
479 1886 569 1947 Deus
584 1901 652 1947 non
667 1890 802 1963 propter
823 1885 885 1949 hoc
907 1887 1026 1950 dicitur
1052 1892 1102 1953 in·

91 1969 410 2047 comprehensibilis,
422 1966 516 2044 quasi
527 1965 656 2041 aliquid
671 1968 743 2045 ejus
759 1969 799 2027 sit
811 1967 900 2044 quod
911 1984 979 2028 non
992 1970 1102 2033 videa·

90 2053 160 2123 tur;
188 2066 264 2111 cum
278 2050 366 2109 Deus
382 2048 424 2107 sit
443 2045 595 2123 simplex,
613 2062 746 2123 semper
767 2051 851 2108 totus
869 2047 1007 2123 videtur,
1027 2050 1105 2113 dum

88 2127 230 2192 videtur.
251 2128 318 2189 Sed
337 2143 404 2187 non
424 2131 601 2204 propterea
624 2126 852 2203 percipiuntur
871 2144 986 2198 omnes
1008 2130 1102 2192 habi·

88 2208 223 2271 tudines
238 2217 320 2287 quas
333 2208 434 2268 hahet
449 2207 491 2267 ad
507 2210 673 2266 creaturas
687 2208 871 2283 possibiles,
884 2224 992 2286 neque
1005 2212 1104 2273 etiam

85 2292 230 2365 perfecte
249 2288 378 2350 videtur
391 2289 476 2347 sicut
497 2286 629 2347 visibilis
645 2292 705 2346 est.

87 2414 158 2475 388.
176 2446 214 2456 —
228 2414 345 2473 Tussis.
375 2411 412 2472 ll.
437 2413 523 2470 Deus
538 2414 581 2469 ert
601 2410 699 2469 011001
718 2409 889 2470 invisibilis
902 2412 1103 2475 1101010111ον

127 2493 194 2554 sive
209 2492 248 2552 01
263 2491 357 2552 oculo
372 2505 525 2565 corporeo
541 2495 608 2549 sioe
618 2490 658 2549 01
674 2490 837 2551 intellectu
852 2495 972 2551 creato.

126 2607 221 2667 Noto.
252 2606 322 2665 ileo
337 2602 529 2679 propositio,
545 2602 630 2663 sicut
644 2602 805 2678 superior,
825 2606 874 2663 est
887 2602 928 2665 de
949 2602 1027 2666 fide.
1044 2604 1099 2667 Se-

88 2685 199 2747 cunda
213 2700 288 2763 paro
302 2681 435 2743 definita
446 2683 508 2743 i'uit
521 2683 554 2743 in
571 2683 705 2743 concilio
718 2682 896 2745 Viennensi
911 2689 1023 2747 contra
1036 2686 1098 2747 Be-

87 2765 206 2845 guinas
222 2771 254 2824 01
267 2761 471 2843 Beguardos.

126 2846 302 2907 Probatur.
332 2847 444 2902 rome
469 2858 549 2917 pars
561 2839 715 2901 facillime
737 2841 927 2903 adstruitur.
949 2843 1098 2906 Facultas

87 2941 247 3002 corporea
269 2922 440 2984 euidenter
454 2924 579 2999 nequit,
596 2922 713 2982 saltem
728 2923 805 3001 solis
821 2923 942 2983 viribus
956 2927 1096 2999 naturae,

85 3006 290 3081 spiritualem
304 3001 519 3063 substantiam
541 2999 712 3077 percipere
728 3001 777 3081 (ll,
804 3003 869 3074 184,
888 3001 965 3084 010.)
981 3023 990 3064 z
1006 3006 1097 3083 atqui

83 3086 174 3147 Deus
190 3090 240 3147 est
254 3084 437 3145 substantia
449 3083 589 3141 10011100
604 3081 789 3157 spiritualis.
807 3084 903 3161 Ergo.
1088 3072 1097 3095 ³

121 3167 288 3226 Probatur
300 3165 440 3224 secunde
452 3177 542 3236 pars.
558 3161 651 3221 Nulla
665 3160 801 3221 facultas
823 3161 1089 3225 naturaiiterfer·

82 3245 214 3307 tur'nisi
227 3248 261 3307 in
276 3243 443 3321 objectam
464 3240 526 3301 sibi
552 3241 837 3317 proportionatum
855 3262 862 3304 :
886 3245 992 3305 omnis
1007 3245 1095 3313 enim

83 3326 227 3404 cognitio
243 3323 397 3385 naturalis
427 3327 475 3382 ast
487 3319 671 3381 secundum
687 3326 835 3382 naturam
851 3325 1093 3401 cognoscentis,

82 3422 159 3466 cum
180 3404 355 3482 recipiatur
368 3404 401 3463 in
417 3405 661 3480 cognoscente.
670 3402 765 3477 Atqui
778 3403 862 3463 inter
875 3399 985 3463 Deum
997 3404 1092 3483 quid·

82 3484 216 3559 ditative
239 3487 345 3547 visum
367 3488 399 3544 et
413 3482 616 3543 intellectum
639 3484 785 3541 creatum
808 3499 874 3543 non
898 3480 992 3543 datur
1014 3499 1091 3561 pro·

81 3565 206 3643 porti03
228 3562 348 3624 modus
370 3559 503 3623 essendi
518 3560 577 3621 Dei
591 3569 679 3621 certo
696 3560 825 3624 excedit
844 3560 981 3623 modum
996 3568 1090 3626 natu·

80 3659 129 3709 rae
145 3647 382 3725 cujuscumque
397 3638 626 3722 cognoscentis
640 3647 764 3705 creatae.
781 3643 877 3723 Ergo.
