2642 4209
268 238 324 300 lot
570 257 752 302 snsvnemu
771 256 974 302 enisosornrs

265 369 500 511 cofinosqimus
531 388 537 428 :
570 369 803 450 cognoscimus
832 387 893 433 nos
921 372 1119 451 intelligere,
1143 375 1260 452 sentire,

265 463 305 512 ve
332 467 362 522 e,
382 465 400 511 e
417 467 444 511 c.

295 580 352 630 271.
368 607 400 618 -
415 580 475 629 Scit.
491 577 585 628 Anima
599 580 718 644 cognosci
731 583 817 644 potest
832 579 855 628 t·
870 582 954 645 quoad
967 581 1136 642 existentiam,
1152 585 1176 633 2²
1193 587 1261 648 quoad

264 641 408 692 essentiam.
424 642 466 694 Ad
479 641 588 705 primam
602 641 775 706 cognitionem
788 642 882 692 sufficit
894 646 1030 708 praesentia
1043 640 1122 694 animi
1134 652 1214 694 ectum
1224 649 1262 697 eli-

264 703 364 774 cientis.
379 704 467 764 Quoad
481 702 627 764 secundam,
645 703 788 766 requiritur
802 703 911 770 diligens
934 711 960 756 et
982 706 1081 756 subtilis
1102 708 1223 772 inquisitio
1241 716 1262 758 et

265 767 437 893 mgggsplzi‘cto
451 827 592 876 intellectus
606 831 694 876 noster
707 828 791 878 Deum
805 834 951 911 cognoscat3
970 828 997 878 in
1012 832 1151 896 Theologia
1169 834 1261 883 natmali

265 905 420 954 quaeremus.

261 1018 334 1078 272.
353 1049 390 1058 —
405 1018 512 1077 Tnssis
529 1016 578 1076 lV.
605 1021 721 1077 omnes
739 1019 883 1078 rationes
907 1021 1143 1082 immateriales
1164 1039 1260 1084 rerum

307 1097 483 1157 assensibus
496 1097 546 1155 oet
556 1099 712 1171 proxime
731 1097 782 1156 oet
798 1103 920 1159 rensote
935 1102 1106 1176 originem,
1118 1104 1152 1162 to
1166 1106 1260 1165 ordine

306 1177 495 1252 copotttosts
508 1181 623 1236 nostre
636 1177 812 1250 naturalis,
830 1180 959 1240 ducuut.

305 1317 401 1378 Proh.
420 1317 441 1375 l.
460 1317 532 1376 lstae
555 1318 700 1377 rationes
718 1315 771 1376 vel
787 1315 933 1379 mediate
948 1319 1002 1379 vel
1014 1318 1202 1382 immediate
1214 1340 1259 1400 ap-

265 1395 535 1475 prehenduntur;
552 1412 650 1472 porro
666 1396 694 1455 si
707 1396 898 1458 immediate
914 1403 1002 1459 esset
1013 1399 1085 1459 haee
1096 1403 1261 1477 apprehen·

257 1477 326 1549 -siO,
343 1491 410 1536 non
423 1475 519 1536 fieret
533 1477 596 1536 nisi
616 1474 848 1552 dependenter
867 1495 885 1537 a
904 1480 1056 1539 sensibus
1076 1480 1127 1558 (lt,
1142 1481 1221 1560 istit
1239 1486 1261 1544 si

264 1556 421 1628 mediata,
437 1572 502 1633 ope
518 1555 783 1633 comparationis,
804 1573 866 1616 seu
886 1560 1118 1635 componendo
1143 1568 1176 1622 et
1198 1564 1260 1624 diri·

265 1636 376 1697 dendo
398 1638 563 1697 elementa
582 1635 772 1695 immediate
796 1637 972 1712 abstracta,
999 1639 1141 1700 obtineri
1164 1641 1258 1704 debet.
1291 1666 1292 1671 ¹

264 1717 348 1794 Ergo
364 1717 437 1777 haec
457 1718 599 1794 cognitio
619 1731 754 1791 semper
772 1717 879 1793 repeti
902 1722 1011 1794 potest
1035 1720 1104 1780 sive
1128 1727 1257 1797 proxime
1291 1778 1292 1785 ,

264 1797 333 1857 sive
355 1799 482 1857 remote
496 1812 535 1855 ex
551 1795 820 1872 perceptionibus
835 1798 1057 1858 sensibilibus,
1291 1800 1292 1875 ξ

306 1878 343 1936 tl.
364 1877 480 1937 Prinrae
501 1880 534 1936 et
558 1874 690 1935 directae
711 1877 950 1938 abstractiones
974 1878 1173 1951 intellectus
1198 1899 1257 1959 qnae
1291 1910 1293 1920 ·

265 1956 427 2035 originem
453 1955 579 2017 ducunt
607 1971 625 2014 a
651 1956 816 2026 sensibus,
843 1955 923 2016 dent
946 1958 1195 2023 universaliores
1211 1980 1259 2024 seu
1291 1960 1293 2059 j

265 2035 572 2101 transcendenteles
595 2039 788 2112 conceptus,
804 2036 959 2096 nimirum
979 2037 1072 2101 ideas
1092 2042 1187 2112 entis,
1210 2046 1257 2111 rei,

264 2118 413 2196 alicujus
436 2118 546 2186 unius,
564 2119 626 2175 eto.
649 2113 698 2192 (ll,
724 2113 810 2192 267);
837 2117 926 2193 atqui
950 2134 1066 2179 omnes
1088 2120 1175 2181 ideae
1195 2124 1259 2184 nihil

264 2198 353 2262 aliud
367 2201 444 2258 sunt
463 2211 562 2272 quern
587 2193 725 2254 diversae
751 2195 989 2271 applicationes
1015 2215 1053 2257 ac
1078 2199 1258 2262 determina-

264 2283 370 2342 tiones
384 2277 502 2339 ‚horum
523 2281 754 2351 conceptuum.
777 2277 861 2354 Ergo
882 2277 962 2337 nihil
986 2282 1076 2339 vetet
1101 2285 1258 2357 quominus

263 2374 380 2423 onmes
395 2355 631 2416 immateriales
645 2370 757 2416 rerum
769 2358 914 2418 rationes
928 2358 1089 2434 originem
1114 2360 1228 2422 ducant
1244 2379 1258 2422 a

258 2439 428 2502 sensibus.

304 2522 354 2581 lll.
372 2515 488 2591 Quoad
504 2517 686 2591 conceptus
697 2514 933 2575 determinatos
948 2515 1072 2577 ordinis
1088 2534 1185 2596 supra
1198 2537 1258 2581 sen·
1290 2574 1291 2593 ξ

262 2600 366 2663 sibilis
381 2601 414 2657 et
427 2594 571 2665 moratis,
588 2592 710 2654 eodem
724 2595 823 2655 niodo
841 2597 1024 2671 explicatur
1038 2615 1156 2659 eorum
1169 2602 1258 2680 origo.
1290 2608 1291 2613 ’

263 2679 450 2753 Conceptus
464 2674 680 2747 universales
697 2689 780 2750 quos
796 2675 894 2735 modo
910 2679 1062 2751 superius
1078 2677 1259 2741 determina·
1290 2678 1292 2751 i

264 2764 296 2820 to
319 2759 518 2826 obtinemus
547 2753 676 2814 diverse
702 2757 854 2830 componi
877 2761 1016 2829 possunt
1039 2758 1109 2818 sive
1134 2760 1214 2820 inter
1231 2778 1258 2822 se
1290 2754 1292 2807 Ι

262 2839 330 2900 sive
348 2854 423 2898 curn
439 2835 520 2905 eliis,
537 2834 681 2911 ideoque
697 2835 849 2896 notiones
859 2835 1124 2910 pulchritudinis,
1141 2841 1256 2902 relatio·
1290 2812 1292 2873 i

262 2920 325 2990 nie,
343 2917 476 2990 ordinis„
503 2918 580 2987 etc,
605 2913 832 2990 suppeditare.
858 2915 997 2977 Possunt
1020 2919 1121 2978 etiarn
1146 2921 1258 2981 eaedem

261 2999 415 3061 notiones
428 2993 633 3058 universales
647 2991 754 3055 ordini
768 2993 847 3053 reali
864 2999 897 3055 et
911 2996 1046 3075 physico
1069 2999 1258 3062 intellectua-

260 3080 338 3141 liter
352 3079 483 3155 cognito
499 3075 549 3154 (ll,
568 3072 639 3150 268)
661 3073 751 3134 varie
776 3074 943 3151 applicari,
961 3081 994 3138 et
1008 3079 1055 3138 sic
1079 3078 1173 3140 ideas
1193 3082 1257 3141 sub·
1289 3082 1290 3159 ζ

262 3159 392 3220 stantiae
412 3160 445 3217 et
459 3153 650 3221 accidentis,
669 3154 825 3230 temporis
837 3159 870 3215 et
884 3157 991 3231 spatii,
1009 3160 1087 3231 etc,
1110 3161 1258 3235 praebere.

261 3238 413 3315 Denique
428 3234 471 3295 ed
486 3234 580 3295 ideas
594 3230 718 3294 ordinis
737 3235 870 3296 moralis
888 3250 1063 3314 assurgere
1086 3255 1260 3314 possumus,

261 3335 338 3414 quoe·
366 3319 447 3412 sunt
474 3311 704 3376 tantummodo
741 3313 880 3376 diversae
919 3317 1158 3393 applicationes
1192 3319 1260 3383 ides
1289 3328 1290 3331 ’

260 3400 537 3550 qrilli'rizcs’systeme
551 3471 823 3532 scholasticorum
838 3472 895 3533 dat
910 3473 1009 3535 etiam
1023 3479 1185 3539 rationein
1202 3479 1259 3542 sui·
1289 3478 1291 3548 t

259 3551 596 3696 gfffifflsommum
620 3554 842 3628 conceptuum
865 3551 988 3615 ordinis
1010 3561 1261 3634 suprasensibilis
1289 3554 1291 3687 Ι
