2642 4209
546 272 942 317 nummisma
987 273 1298 331 SPECIALIS,
1336 291 1412 300 -
1440 273 1870 318 psvcnonoom.
2120 258 2224 318 123

195 405 352 449 nam
382 388 560 448 aliud
593 393 694 449 est
722 405 961 449 munus
992 406 1120 466 quo
1151 389 1520 450 intellectus
1543 389 1973 467 intelligibilia
1994 405 2224 466 appre—

194 467 456 540 hendit,
488 473 556 529 et
601 468 780 530 aliud
810 475 914 530 est
956 469 1119 530 illud
1159 485 1288 547 quo
1331 473 1524 529 antea
1558 471 1972 548 cognitorum
2012 486 2228 530 recor*

198 546 418 616 datur,
492 547 673 625 quod
742 553 844 608 est
898 549 1168 627 quidam
1222 550 1679 627 intelligentiae
1736 550 2024 614 habitus.
2096 566 2224 626 quo

196 627 345 688 haec
358 626 421 688 fa
431 630 639 689 cultas
659 631 920 705 species
939 629 1388 707 intelligibiles
1403 633 1641 690 servat.
1663 630 1832 708 Ergo
1855 629 2228 690 intellectus

199 706 627 787 distinguitur
654 725 692 768 a
733 709 1051 770 memoria
1081 713 1397 786 tanquam
1435 707 1702 786 aliquod
1731 725 1973 769 munus
2020 726 2220 786 puru-

196 788 361 928 ἒίἢτθ
392 805 523 929 qluo
555 788 770 849 orbari
796 793 1024 865 posset
1060 789 1206 849 haec
1233 788 1511 855 facultas
1553 789 1905 867 quominus
1951 788 2020 848 in
2056 790 2220 846 uilli-

221 883 340 927 um
382 883 419 928 a
473 871 600 929 eat.

198 1000 341 1061 200.
377 1034 454 1043 —
483 1002 696 1062 Tnas1s
716 1001 793 1061 II.
825 1004 1165 1073 Memoria,
1196 1001 1628 1062 mediantibus
1655 1000 1929 1076 suby'eeti
1956 1002 2224 1070 aetiana,

273 1089 616 1142 exercetur
643 1084 819 1141 eirca
861 1082 1131 1157 obJ'ecta.

281 1205 476 1265 Prob.
532 1206 580 1265 1⁸
616 1221 803 1280 pars,
856 1220 1099 1282 nempe
1142 1203 1325 1282 quod
1363 1209 1684 1266 memoria
1713 1208 2096 1265 exerceatur·
2128 1206 2224 1262 sfi-

198 1290 371 1345 reete
400 1291 457 1344 et
476 1300 603 1359 per
642 1301 710 1345 se
738 1287 915 1345 cirea
956 1287 1129 1360 ipsos
1157 1290 1357 1345 aetus.

277 1364 590 1426 Memoria
628 1363 827 1436 enim,
863 1365 1050 1444 cujus
1089 1365 1382 1442 operatio
1414 1364 1673 1440 propria
1709 1367 1810 1423 est
1837 1366 2224 1437 recognitis-2,

200 1444 578 1505 necessario
626 1447 1081 1521 praesupponit
1130 1445 1597 1523 cognitionem,
1638 1443 1723 1504 ad
1767 1458 1964 1520 quam
2003 1446 2228 1502 imme*

202 1521 377 1583 diate
409 1523 708 1584 ordinem
739 1523 923 1595 dicit;
957 1524 1137 1600 atqui
1169 1524 1454 1602 cognitio
1489 1527 1589 1584 est
1619 1527 1805 1584 actus
1852 1522 2228 1582 intellectae

201 1603 542 1680 objectum
590 1603 857 1679 aliquod
893 1608 1406 1680 repraesentans,
1447 1605 1617 1681 Ergo
1655 1602 2040 1680 recognitio,
2076 1618 2224 1678 qum

199 1689 497 1744 versatur
525 1683 696 1743 circa
737 1684 1201 1761 cognitionem.
1245 1681 1622 1744 immediate
1667 1685 2016 1743 exercetur
2056 1686 2224 1742 eirea

201 1763 381 1823 illum
410 1763 788 1823 intellectus
819 1769 1036 1824 actum
1066 1763 1180 1840 qui
1210 1763 1475 1840 objecta
1508 1763 1832 1838 exprimit.

275 1844 471 1903 Proh.
526 1844 601 1903 11⁸
637 1858 825 1917 pars.
878 1845 1193 1903 Memoria
1240 1845 1439 1903 etiam
1474 1840 1696 1918 fertur
1744 1844 1813 1902 in
1855 1846 2228 1902 eorumdem

200 1928 469 1983 actuum
511 1924 779 1998 objecta,
812 1925 924 1983 sed
947 1923 1275 1982 indirecte.
1322 1922 1654 1992 Memoria,
1694 1925 1770 1981 ut
1818 1925 2072 1982 constat
2108 1938 2220 1978 ox*

197 2003 545 2079 perientia,
595 2006 894 2063 versatur
932 2002 1106 2063 circa
1154 2003 1513 2078 praeterita,
1544 2005 1617 2062 ut
1656 2001 2007 2078 praeterita,
2052 2006 2116 2058 et
2148 2002 2228 2062 tlt-³.

200 2081 530 2160 ejusmodi
579 2082 856 2161 objectis
896 2082 1278 2158 judicamus
1329 2086 1395 2142 et
1442 2081 1906 2142 ratiocinamur
1966 2099 1981 2139 :
2044 2082 2224 2158 atq-ui

196 2178 331 2222 non
380 2167 790 2238 praetereunt
833 2163 958 2223 nisi
1007 2177 1086 2223 ea
1136 2177 1286 2240 quae
1328 2162 1635 2227 existunt,
1673 2178 1798 2221 seu
1836 2161 2224 2237 singulm-ia:

197 2242 590 2303 universalia
621 2243 817 2312 enim,
847 2245 923 2302 ut
951 2242 1065 2314 sic,
1101 2258 1139 2302 a
1166 2241 1349 2302 fluxu
1394 2239 1704 2318 temporis
1743 2241 2216 2318 praescindunt.

196 2323 366 2400 Ergo
411 2326 731 2384 memoria
775 2322 1177 2382 intellectiva
1227 2325 1399 2384 circa
1436 2322 1577 2399 ipsa
1623 2321 1887 2399 objecta
1929 2322 2220 2380 exerrat-i

201 2406 444 2478 potest.

275 2481 420 2542 201.
456 2517 533 2526 —
561 2485 652 2542 De
678 2483 1008 2542 memoriae
1037 2481 1347 2558 divisione
1376 2485 1433 2540 et
1460 2480 1866 2541 excitat-ione.
1919 2479 2223 2539 Merum-ia

204 2561 403 2622 dividi
433 2561 604 2621 solet
629 2561 694 2620 in
721 2566 1160 2636 spontaneam,
1189 2565 1255 2622 et
1273 2560 1734 2621 voluntariam.
1760 2558 2006 2619 Dicitur
2024 2574 2220 2630 asin-m-

203 2645 394 2702 tanea
441 2640 706 2718 quando
740 2642 1172 2719 cogitationes
1204 2641 1473 2716 elapsae,
1529 2640 1781 2715 absque
1824 2639 1957 2698 ullo
2000 2638 2224 2698 lali-‘ire

203 2738 275 2782 se
323 2721 517 2784 nobis
564 2720 870 2781 offerunt.
925 2721 1234 2781 Memoria
1293 2720 1529 2781 dicitur
1575 2718 1961 2789 voluntaria,
2028 2734 2228 2794 quum

204 2800 374 2862 ideae
408 2802 471 2860 in
497 2800 685 2862 nobis
716 2801 982 2862 excitari
1011 2804 1126 2861 aut
1151 2802 1444 2862 revocari
1473 2802 1817 2877 nequeunt
1844 2797 1987 2859 sine
2012 2798 2228 2874 aliqtm

207 2881 445 2941 mentis
480 2884 738 2942 conatu.

281 2960 380 3022 Ad
411 2963 794 3022 memoriam
826 2957 1243 3020 excitandam
1286 2956 1475 3021 valde
1497 2958 1708 3036 juvat,
1740 2960 1814 3016 ut
1843 2971 2072 3017 omnes
2108 2974 2228 3014 Πη-

210 3045 378 3108 runt,
414 3042 690 3101 attentio
725 3043 792 3100 et
820 3039 1164 3101 associatio
1193 3037 1521 3098 idearum.·
1550 3036 1750 3099 Sicuti
1780 3036 1956 3096 enim
1984 3054 2228 3095 mfi’ltiti-

205 3120 295 3180 ria
321 3121 636 3182 sensitiva
671 3120 941 3198 juvatur
984 3118 1141 3179 dum
1185 3119 1599 3179 sensationes
1646 3115 1996 3176 vividiores
2048 3122 2224 3178 suin,

206 3200 290 3260 ita
319 3201 521 3260 etiam
547 3201 886 3260 memoriae
917 3197 1336 3259 intellectivae
1370 3199 1727 3275 opitulatur
1753 3196 2056 3262 attentio„
2100 3210 2228 3270 qua

207 3294 394 3340 mens
445 3281 593 3356 plus
647 3279 945 3342 minusve
992 3279 1252 3338 intense
1304 3277 1391 3338 ad
1443 3275 1711 3354 aliquod
1768 3275 2100 3352 objectum
2160 3294 2228 3334 se

208 3357 477 3421 confert.
542 3358 723 3421 Idem
787 3361 986 3420 etiam
1053 3357 1409 3418 dicendum
1478 3362 1581 3417 est
1649 3355 1732 3416 de
1799 3355 2228 3416 associatisme

207 3438 504 3501 idearum
572 3443 884 3516 respectu
948 3440 1284 3498 memoriae
1349 3438 1793 3505 intellectivae,
1876 3450 2068 3511 quarn
2148 3434 2228 3490 sie

207 3520 642 3581 associatione
697 3520 1231 3597 phantasmatum
1285 3516 1507 3594 quoad
1564 3514 1955 3578 memorIam
2016 3518 2228 3574 sensi*

215 3599 427 3668 tivam.
