2642 4209
430 216 735 267 iunux‘sviiouvicus,
1034 196 1095 261 289

71 338 160 408 pleis,
184 334 318 392 absolute
340 309 371 388 et
394 334 561 389 necessario
587 327 624 387 de
646 334 707 387 Deo
728 330 923 402 praedicabilis
951 344 1006 402 per

73 410 202 469 modum
216 406 316 462 forme
331 404 503 475 adjacentis.
1040 402 1095 457 224

465 521 664 577 ARTICULUS
683 522 704 575 1.

392 624 432 672 De
445 622 584 672 attributis
594 623 626 671 in
638 621 783 671 communi.

116 732 137 784 1.
162 726 425 783 Fundamentum
450 722 696 793 multiplicitatis
719 721 945 777 attributorum
968 724 1004 777 iu

77 803 190 855 ito-tra
206 799 326 852 ratione
341 796 552 866 copiioscendi
571 794 682 848 Deum.
706 796 774 848 Haec
792 792 1005 864 multiplicitas

77 885 171 941 quain
188 870 220 924 in
243 870 301 922 Deo
320 866 512 937 concipimus
536 866 619 919 venit
637 867 702 919 tuin
726 879 763 919 ex
782 867 885 919 nostro
905 865 1006 919 conci-

77 940 180 1011 piendi
201 938 297 1009 moilo,
324 942 387 992 tuin
405 952 442 991 ex
462 936 607 991 infinitate
621 934 730 1005 objecti
748 935 858 1005 cogniti
873 935 961 991 siinul
975 938 1005 991 et

78 1012 218 1082 angustia
231 1010 339 1064 mentis
353 1009 609 1077 humanae.1taque
623 1006 848 1062 tundamentum
863 1005 1007 1077 multipli-

79 1085 179 1146 citatis
189 1085 235 1135 est
249 1084 308 1134 Deo
322 1080 532 1134 extrinsecum.
1041 1078 1098 1133 223Ἰ

117 1157 150 1212 11.
180 1153 222 1205 lte
246 1152 428 1205 diuinarum
452 1150 685 1219 perfectionum
709 1148 872 1204 identitate
897 1151 926 1213 et
946 1148 1008 1203 dis·

83 1226 245 1279 tinctione.
271 1224 291 1276 l.
324 1221 367 1277 lle
392 1222 555 1276 identitate
584 1222 613 1273 et
641 1219 845 1275 distinctione
869 1222 1008 1275 attribu-

82 1299 187 1349 lorum
203 1296 240 1348 ab
256 1296 399 1347 essentia.
419 1294 544 1347 Errores
559 1290 687 1361 oppositi
704 1309 710 1344 :
726 1290 874 1347 (tilbertus
895 1294 1006 1346 Porre-

81 1370 171 1421 tanus
185 1369 216 1420 et
230 1363 412 1419 Eunoiniani.
428 1361 587 1418 Sententiae
600 1362 853 1417 scholasticorum.
1041 1362 1097 1418 226.

117 1440 228 1491 Tussis
248 1436 266 1487 1.
288 1434 377 1488 inter
396 1436 563 1489 essentiam
579 1435 607 1486 ct
626 1428 773 1488 attributa
797 1432 886 1488 nulla
906 1436 1007 1489 inter-

81 1508 165 1562 cedit
202 1506 359 1561 distinctio
403 1508 513 1568 realis.
541 1516 627 1558 secus
660 1506 790 1559 essentia
827 1518 886 1559 non
927 1507 1007 1561 esset

80 1576 309 1649 perlectissima.
1042 1576 1096 1630 227

117 1652 228 1703 Tussis
242 1649 273 1702 It.
290 1647 450 1702 Attributa
470 1648 508 1701 ab
523 1647 657 1701 essentia
672 1660 738 1699 non
753 1644 818 1700 sola
833 1647 1006 1701 nominum

80 1722 230 1775 uarietate
260 1720 513 1788 distinpuuntur,
547 1732 616 1771 nam
648 1717 777 1771 essentia
805 1719 835 1771 et
866 1718 1008 1772 attributa

79 1793 216 1861 recipere
229 1790 355 1863 possunt
369 1788 528 1859 praedicata
544 1786 782 1843 contradictoria.
1039 1790 1094 1843 228

117 1864 228 1915 Tussis
257 1863 299 1917 ΙΙΙ.
333 1859 422 1915 Inter
452 1860 603 1913 attributa
635 1860 742 1915 diuina
776 1860 805 1912 et
843 1862 1008 1915 essentiam

79 1932 227 1986 diuinam
242 1932 370 1987 admitti
384 1932 494 2001 nequit
509 1931 669 1985 distinctio
684 1928 827 1999 formalis
842 1934 1007 2001 scotistica‚

81 2016 169 2057 secus
185 2005 262 2059 Deus
282 2016 341 2056 non
360 2002 520 2056 haberetur
539 2004 572 2055 ut
590 2000 825 2070 perfectissimus
843 2004 875 2057 et
895 2002 1009 2072 simpli-

80 2074 230 2129 cissimus.
252 2072 355 2138 Corol.
375 2072 530 2128 Distinctio
548 2071 627 2126 inter
645 2072 805 2127 essentiam
820 2076 851 2127 et
865 2073 1010 2129 attributa
1039 2090 1042 2094 ’

83 2158 130 2199 θεῖ
148 2145 295 2200 virtualis.
1045 2142 1110 2195 223

118 2216 161 2268 ili.
201 2216 245 2271 Dc
284 2215 484 2269 distinctione
527 2213 749 2268 attributorum
787 2214 824 2268 ab
862 2216 1007 2269 invicem.

81 2287 193 2340 Tussis
214 2289 259 2342 lV.
280 2285 370 2341 inter
384 2285 534 2340 attributa
554 2285 697 2339 absoluta
715 2284 755 2339 aot
775 2286 907 2339 inuicem
928 2300 1011 2339 com·
1071 2336 1073 2339 .

78 2360 204 2427 parata,
233 2357 343 2412 eaclem
377 2357 457 2426 uipet
491 2356 653 2410 distinctio
688 2371 784 2437 quam
821 2358 905 2411 inter
944 2355 1007 2410 haec

81 2426 193 2480 eadem
215 2430 243 2482 et
259 2429 422 2481 essentiam
430 2442 440 2491 ;
457 2441 526 2481 nam
546 2430 617 2481 sunt
632 2427 755 2481 realiter
771 2427 834 2495 ipsa
849 2426 1010 2497 eademque

81 2498 212 2551 essentia
227 2498 337 2567 divina,
358 2501 505 2567 quatenus
518 2497 654 2567 pluribus
669 2498 835 2568 aequivalet.
1044 2494 1097 2549 229
1206 2560 1211 2571 .

118 2570 164 2622 iv.
185 2568 229 2623 Dc
244 2569 400 2623 diuisione
419 2569 657 2637 attributorum,
680 2570 707 2623 10
728 2570 759 2623 in
782 2568 960 2623 affirmativa
980 2571 1010 2624 ct

82 2641 229 2709 negativa,
244 2643 275 2694 20
290 2641 322 2694 iii
336 2640 515 2710 quiescentia
529 2641 561 2693 ct
574 2640 737 2710 operativa,
753 2639 783 2692 30
798 2641 828 2693 in
843 2639 1010 2694 communi-

81 2710 187 2764 cabiiia
206 2712 237 2764 et
255 2710 550 2781 incommunicabilia,
576 2711 605 2763 40
629 2710 660 2765 in
676 2710 799 2781 physica
821 2713 852 2765 ct
875 2710 1009 2779 moralia,

81 2780 112 2833 50
128 2780 158 2835 in
173 2780 309 2836 absoluta
323 2785 354 2836 et
367 2781 544 2850 respectiva.
1045 2778 1098 2835 230

464 2895 662 2951 ARTICULUS
681 2896 712 2951 it.

338 3008 377 3059 De
397 3007 534 3057 attributis
554 3008 691 3071 inspwie
710 3008 845 3073 spectatis.

153 3110 171 3171 ὃ
190 3108 210 3161 Ι.
231 3108 272 3161 De
286 3106 438 3161 attributis
453 3104 504 3161 Dei
524 3106 673 3175 negativis
693 3106 723 3160 in
745 3107 844 3177 specie
859 3108 1009 3179 spectatis.

116 3178 137 3231 1.
158 3176 202 3231 De
226 3177 492 3232 immutabilitate.
518 3178 626 3231 Tussis
648 3179 671 3233 Ι.
697 3177 780 3233 Deus
805 3181 850 3233 est
877 3182 1009 3235 omnino

82 3246 302 3319 immutabilis,
329 3248 357 3302 1⁰
378 3248 447 3317 quia
468 3246 528 3302 non
547 3250 595 3302 est
613 3249 799 3321 contingens
823 3254 854 3305 20
874 3250 944 3323 quia
963 3252 1009 3307 est

80 3317 225 3389 infinitus,
235 3332 351 3373 necnon
361 3318 392 3372 30
406 3318 651 3389 simplicissimus.
1044 3322 1095 3379 231

115 3390 223 3444 Tussis
251 3391 282 3443 ll.
311 3385 394 3443 Deus
426 3393 471 3443 est
506 3392 638 3444 omuino
671 3390 880 3447 immutabilis
912 3394 1007 3452 ctiam

78 3459 259 3515 secundum
278 3458 349 3515 illas
365 3458 543 3515 intellectus
561 3461 591 3514 et
609 3459 782 3516 voluntatis
803 3466 999 3534 operationes
1112 3521 1126 3530 ,,

79 3544 218 3599 quarum
243 3532 490 3604 terminussunl
503 3536 663 3586 creaturae.
680 3534 709 3587 10
724 3531 756 3587 Si
771 3534 871 3603 agitur
884 3532 920 3591 de
939 3548 1024 3591 esse·
1127 3553 1129 3557 ·

77 3600 166 3657 ideali
185 3605 401 3672 creaturarum,
430 3600 510 3671 quoii
527 3602 641 3659 vliabent
666 3600 697 3657 in
721 3602 795 3677 Deo,'
815 3604 895 3661 nulia
918 3605 998 3662 diffl-

404 3686 487 3737 Buirv.
501 3686 576 3739 Pam..
591 3689 622 3739 Τ.
633 3688 669 3741 11.
686 3714 718 3727 -
732 3687 770 3739 19.
