<?xml version="1.0" encoding="UTF-8"?>
<!DOCTYPE html PUBLIC "-//W3C//DTD XHTML 1.0 Transitional//EN"
    "http://www.w3.org/TR/xhtml1/DTD/xhtml1-transitional.dtd">
<html xmlns="http://www.w3.org/1999/xhtml" xml:lang="en" lang="en">
 <head>
  <title>
</title>
<meta http-equiv="Content-Type" content="text/html;charset=utf-8" />
  <meta name='ocr-system' content='tesseract 3.04.00' />
  <meta name='ocr-capabilities' content='ocr_page ocr_carea ocr_par ocr_line ocrx_word'/>
</head>
<body>
  <div class='ocr_page' id='page_1' title='image "./brevariumphilos02grangoog_0176.png"; bbox 0 0 2642 4209; ppageno 0'>
   <div class='ocr_carea' id='block_1_1' title="bbox 262 235 965 303">
    <p class='ocr_par' dir='ltr' id='par_1_1' title="bbox 262 235 965 303">
     <span class='ocr_line' id='line_1_1' title="bbox 262 235 965 303; baseline 0.004 -7"><span class='ocrx_word' id='word_1_1' title='bbox 262 235 318 296; x_wconf 77' lang='lat'>162</span> <span class='ocrx_word' id='word_1_2' title='bbox 563 256 747 303; x_wconf 83' lang='lat' dir='ltr'>sanvnnrnn</span> <span class='ocrx_word' id='word_1_3' title='bbox 763 255 965 300; x_wconf 74' lang='lat' dir='ltr'>rnrnosornrn</span> 
     </span>
    </p>
   </div>
   <div class='ocr_carea' id='block_1_2' title="bbox 254 369 1259 1789">
    <p class='ocr_par' dir='ltr' id='par_1_2' title="bbox 254 369 1259 688">
     <span class='ocr_line' id='line_1_2' title="bbox 260 369 1258 448; baseline 0.003 -19"><span class='ocrx_word' id='word_1_4' title='bbox 260 371 434 446; x_wconf 86' lang='lat' dir='ltr'>acquirunt</span> <span class='ocrx_word' id='word_1_5' title='bbox 462 372 561 446; x_wconf 89' lang='lat' dir='ltr'>atque</span> <span class='ocrx_word' id='word_1_6' title='bbox 589 369 725 432; x_wconf 89' lang='lat' dir='ltr'>vocibus</span> <span class='ocrx_word' id='word_1_7' title='bbox 752 371 950 447; x_wconf 85' lang='lat' dir='ltr'>exprimunt,</span> <span class='ocrx_word' id='word_1_8' title='bbox 989 386 1064 429; x_wconf 91' lang='lat' dir='ltr'>cum</span> <span class='ocrx_word' id='word_1_9' title='bbox 1096 371 1200 448; x_wconf 86' lang='lat' dir='ltr'>magis</span> <span class='ocrx_word' id='word_1_10' title='bbox 1228 387 1258 432; x_wconf 85' lang='lat' dir='ltr'>ac</span> 
     </span>
     <span class='ocr_line' id='line_1_3' title="bbox 259 447 1259 528; baseline 0.001 -19"><span class='ocrx_word' id='word_1_11' title='bbox 259 451 364 526; x_wconf 87' lang='lat' dir='ltr'>magis</span> <span class='ocrx_word' id='word_1_12' title='bbox 392 447 606 526; x_wconf 86' lang='lat' dir='ltr'>perficiuntur</span> <span class='ocrx_word' id='word_1_13' title='bbox 633 450 668 510; x_wconf 93' lang='lat' dir='ltr'>in</span> <span class='ocrx_word' id='word_1_14' title='bbox 696 451 944 528; x_wconf 88' lang='lat' dir='ltr'>cognoscendo.</span> <span class='ocrx_word' id='word_1_15' title='bbox 974 451 1054 510; x_wconf 89' lang='lat' dir='ltr'>Hinc</span> <span class='ocrx_word' id='word_1_16' title='bbox 1079 455 1141 519; x_wconf 86' lang='lat' dir='ltr'>est,</span> <span class='ocrx_word' id='word_1_17' title='bbox 1169 455 1203 510; x_wconf 90' lang='lat' dir='ltr'>ut</span> <span class='ocrx_word' id='word_1_18' title='bbox 1223 452 1259 511; x_wconf 89' lang='lat' dir='ltr'>ait</span> 
     </span>
     <span class='ocr_line' id='line_1_4' title="bbox 257 530 1259 607; baseline 0.002 -17"><span class='ocrx_word' id='word_1_19' title='bbox 257 530 461 603; x_wconf 84' lang='lat' dir='ltr'>Aristoteles,</span> <span class='ocrx_word' id='word_1_20' title='bbox 481 552 493 581; x_wconf 70' lang='grc' dir='ltr'><strong>ι</strong></span> <span class='ocrx_word' id='word_1_21' title='bbox 508 530 598 606; x_wconf 89' lang='lat' dir='ltr'>quod</span> <span class='ocrx_word' id='word_1_22' title='bbox 611 530 768 607; x_wconf 90' lang='lat' dir='ltr'>principio</span> <span class='ocrx_word' id='word_1_23' title='bbox 779 531 874 607; x_wconf 93' lang='lat' dir='ltr'>pueri</span> <span class='ocrx_word' id='word_1_24' title='bbox 884 531 971 591; x_wconf 91' lang='lat' dir='ltr'>viros</span> <span class='ocrx_word' id='word_1_25' title='bbox 982 544 1100 590; x_wconf 88' lang='lat' dir='ltr'>omnes</span> <span class='ocrx_word' id='word_1_26' title='bbox 1110 531 1259 607; x_wconf 90' lang='lat' dir='ltr'>appellant</span> 
     </span>
     <span class='ocr_line' id='line_1_5' title="bbox 254 609 1101 688; baseline 0.005 -21"><span class='ocrx_word' id='word_1_27' title='bbox 254 613 383 685; x_wconf 60' lang='lat' dir='ltr'>patrem·</span> <span class='ocrx_word' id='word_1_28' title='bbox 403 613 520 685; x_wconf 90' lang='lat' dir='ltr'>postea</span> <span class='ocrx_word' id='word_1_29' title='bbox 541 625 814 688; x_wconf 89' lang='lat' dir='ltr'>unumquemque</span> <span class='ocrx_word' id='word_1_30' title='bbox 837 609 1101 671; x_wconf 84' lang='lat' dir='ltr'>determinant».</span> 
     </span>
    </p>

    <p class='ocr_par' dir='ltr' id='par_1_3' title="bbox 254 689 1258 1789">
     <span class='ocr_line' id='line_1_6' title="bbox 298 689 1258 752; baseline 0 -4"><span class='ocrx_word' id='word_1_31' title='bbox 298 689 395 748; x_wconf 70' lang='lat' dir='ltr'>Prot).</span> <span class='ocrx_word' id='word_1_32' title='bbox 411 693 444 749; x_wconf 76' lang='lat'>2⁰</span> <span class='ocrx_word' id='word_1_33' title='bbox 464 691 602 751; x_wconf 84' lang='lat' dir='ltr'>ratione.</span> <span class='ocrx_word' id='word_1_34' title='bbox 618 691 781 751; x_wconf 85' lang='lat' dir='ltr'>Naturalis</span> <span class='ocrx_word' id='word_1_35' title='bbox 801 691 945 752; x_wconf 92' lang='lat' dir='ltr'>conditio</span> <span class='ocrx_word' id='word_1_36' title='bbox 964 690 1154 751; x_wconf 82' lang='lat' dir='ltr'>intellectus</span> <span class='ocrx_word' id='word_1_37' title='bbox 1171 694 1258 750; x_wconf 87' lang='lat' dir='ltr'>nostri</span> 
     </span>
     <span class='ocr_line' id='line_1_7' title="bbox 257 769 1257 848; baseline 0 -18"><span class='ocrx_word' id='word_1_38' title='bbox 257 769 291 831; x_wconf 95' lang='lat' dir='ltr'>in</span> <span class='ocrx_word' id='word_1_39' title='bbox 320 783 359 828; x_wconf 91' lang='lat' dir='ltr'>eo</span> <span class='ocrx_word' id='word_1_40' title='bbox 390 769 538 830; x_wconf 71' lang='lat' dir='ltr'>consistit</span> <span class='ocrx_word' id='word_1_41' title='bbox 564 775 602 830; x_wconf 92' lang='lat' dir='ltr'>ut</span> <span class='ocrx_word' id='word_1_42' title='bbox 624 769 666 830; x_wconf 91' lang='lat' dir='ltr'>de</span> <span class='ocrx_word' id='word_1_43' title='bbox 694 772 843 848; x_wconf 91' lang='lat' dir='ltr'>potentia</span> <span class='ocrx_word' id='word_1_44' title='bbox 864 771 905 830; x_wconf 90' lang='lat' dir='ltr'>ad</span> <span class='ocrx_word' id='word_1_45' title='bbox 934 775 1046 830; x_wconf 88' lang='lat' dir='ltr'>actum</span> <span class='ocrx_word' id='word_1_46' title='bbox 1074 772 1257 830; x_wconf 83' lang='lat' dir='ltr'>transcatin</span> 
     </span>
     <span class='ocr_line' id='line_1_8' title="bbox 260 849 1256 929; baseline 0.002 -22"><span class='ocrx_word' id='word_1_47' title='bbox 260 849 510 926; x_wconf 87' lang='lat' dir='ltr'>cognoscendo;</span> <span class='ocrx_word' id='word_1_48' title='bbox 527 850 685 927; x_wconf 87' lang='lat' dir='ltr'>principio</span> <span class='ocrx_word' id='word_1_49' title='bbox 702 854 790 912; x_wconf 92' lang='lat' dir='ltr'>enim</span> <span class='ocrx_word' id='word_1_50' title='bbox 812 852 1000 929; x_wconf 83' lang='lat' dir='ltr'>cognitione</span> <span class='ocrx_word' id='word_1_51' title='bbox 1016 853 1107 912; x_wconf 91' lang='lat' dir='ltr'>omni</span> <span class='ocrx_word' id='word_1_52' title='bbox 1128 849 1256 922; x_wconf 87' lang='lat' dir='ltr'>orbatur,</span> 
     </span>
     <span class='ocr_line' id='line_1_9' title="bbox 254 926 1257 1006; baseline 0 -18"><span class='ocrx_word' id='word_1_53' title='bbox 254 931 293 988; x_wconf 89' lang='lat' dir='ltr'>et</span> <span class='ocrx_word' id='word_1_54' title='bbox 309 926 430 989; x_wconf 89' lang='lat' dir='ltr'>deindo</span> <span class='ocrx_word' id='word_1_55' title='bbox 446 945 464 989; x_wconf 91' lang='lat' dir='ltr'>a</span> <span class='ocrx_word' id='word_1_56' title='bbox 483 933 625 991; x_wconf 85' lang='lat' dir='ltr'>maxime</span> <span class='ocrx_word' id='word_1_57' title='bbox 649 928 785 991; x_wconf 87' lang='lat' dir='ltr'>confusa</span> <span class='ocrx_word' id='word_1_58' title='bbox 801 935 834 991; x_wconf 91' lang='lat' dir='ltr'>et</span> <span class='ocrx_word' id='word_1_59' title='bbox 855 929 1048 1006; x_wconf 85' lang='lat' dir='ltr'>imperfecta</span> <span class='ocrx_word' id='word_1_60' title='bbox 1071 931 1115 991; x_wconf 93' lang='lat' dir='ltr'>ad</span> <span class='ocrx_word' id='word_1_61' title='bbox 1140 928 1257 989; x_wconf 89' lang='lat' dir='ltr'>distinc-</span> 
     </span>
     <span class='ocr_line' id='line_1_10' title="bbox 258 1007 1256 1087; baseline 0.002 -19"><span class='ocrx_word' id='word_1_62' title='bbox 258 1007 375 1070; x_wconf 83' lang='lat' dir='ltr'>tiorem</span> <span class='ocrx_word' id='word_1_63' title='bbox 390 1014 423 1070; x_wconf 92' lang='lat' dir='ltr'>et</span> <span class='ocrx_word' id='word_1_64' title='bbox 449 1008 681 1085; x_wconf 78' lang='lat' dir='ltr'>perfectiorem</span> <span class='ocrx_word' id='word_1_65' title='bbox 702 1010 907 1087; x_wconf 86' lang='lat' dir='ltr'>pedetentim</span> <span class='ocrx_word' id='word_1_66' title='bbox 930 1008 1074 1070; x_wconf 91' lang='lat' dir='ltr'>devenit.</span> <span class='ocrx_word' id='word_1_67' title='bbox 1105 1008 1201 1086; x_wconf 87' lang='lat' dir='ltr'>Atqui</span> <span class='ocrx_word' id='word_1_68' title='bbox 1224 1008 1256 1070; x_wconf 89' lang='lat' dir='ltr'>de</span> 
     </span>
     <span class='ocr_line' id='line_1_11' title="bbox 257 1088 1255 1166; baseline -0.002 -17"><span class='ocrx_word' id='word_1_69' title='bbox 257 1089 405 1164; x_wconf 85' lang='lat' dir='ltr'>potentia</span> <span class='ocrx_word' id='word_1_70' title='bbox 436 1088 478 1148; x_wconf 88' lang='lat' dir='ltr'>ad</span> <span class='ocrx_word' id='word_1_71' title='bbox 513 1094 624 1151; x_wconf 90' lang='lat' dir='ltr'>actum</span> <span class='ocrx_word' id='word_1_72' title='bbox 660 1092 798 1150; x_wconf 89' lang='lat' dir='ltr'>transire</span> <span class='ocrx_word' id='word_1_73' title='bbox 833 1090 950 1166; x_wconf 88' lang='lat' dir='ltr'>nequit</span> <span class='ocrx_word' id='word_1_74' title='bbox 972 1091 1151 1166; x_wconf 86' lang='lat' dir='ltr'>quominus</span> <span class='ocrx_word' id='word_1_75' title='bbox 1179 1105 1255 1149; x_wconf 80' lang='lat' dir='ltr'>exor-</span> 
     </span>
     <span class='ocr_line' id='line_1_12' title="bbox 259 1167 1257 1248; baseline 0 -20"><span class='ocrx_word' id='word_1_76' title='bbox 259 1167 350 1228; x_wconf 88' lang='lat' dir='ltr'>dium</span> <span class='ocrx_word' id='word_1_77' title='bbox 374 1167 472 1228; x_wconf 90' lang='lat' dir='ltr'>ducat</span> <span class='ocrx_word' id='word_1_78' title='bbox 499 1185 518 1229; x_wconf 87' lang='lat' dir='ltr'>a</span> <span class='ocrx_word' id='word_1_79' title='bbox 545 1171 761 1246; x_wconf 82' lang='lat' dir='ltr'>conceptibus</span> <span class='ocrx_word' id='word_1_80' title='bbox 789 1171 895 1248; x_wconf 91' lang='lat' dir='ltr'>magis</span> <span class='ocrx_word' id='word_1_81' title='bbox 922 1168 1187 1230; x_wconf 76' lang='lat' dir='ltr'>indeterminans</span> <span class='ocrx_word' id='word_1_82' title='bbox 1210 1185 1257 1228; x_wconf 91' lang='lat' dir='ltr'>sen</span> 
     </span>
     <span class='ocr_line' id='line_1_13' title="bbox 257 1248 1256 1328; baseline -0.001 -20"><span class='ocrx_word' id='word_1_83' title='bbox 257 1248 561 1320; x_wconf 87' lang='lat' dir='ltr'>universaliorihus;</span> <span class='ocrx_word' id='word_1_84' title='bbox 592 1250 734 1327; x_wconf 82' lang='lat' dir='ltr'>cognitio</span> <span class='ocrx_word' id='word_1_85' title='bbox 767 1251 866 1321; x_wconf 88' lang='lat' dir='ltr'>enim,</span> <span class='ocrx_word' id='word_1_86' title='bbox 897 1265 962 1325; x_wconf 92' lang='lat' dir='ltr'>quo</span> <span class='ocrx_word' id='word_1_87' title='bbox 998 1252 1048 1310; x_wconf 86' lang='grc' dir='ltr'>εει</span> <span class='ocrx_word' id='word_1_88' title='bbox 1074 1249 1182 1328; x_wconf 90' lang='lat' dir='ltr'>magis</span> <span class='ocrx_word' id='word_1_89' title='bbox 1198 1263 1256 1308; x_wconf 93' lang='lat' dir='ltr'>con·</span> 
     </span>
     <span class='ocr_line' id='line_1_14' title="bbox 255 1325 1254 1408; baseline 0.002 -22"><span class='ocrx_word' id='word_1_90' title='bbox 255 1325 339 1400; x_wconf 85' lang='lat' dir='ltr'>fusa,</span> <span class='ocrx_word' id='word_1_91' title='bbox 378 1344 416 1388; x_wconf 90' lang='lat' dir='ltr'>eo</span> <span class='ocrx_word' id='word_1_92' title='bbox 454 1333 563 1390; x_wconf 91' lang='lat' dir='ltr'>minus</span> <span class='ocrx_word' id='word_1_93' title='bbox 599 1329 773 1408; x_wconf 91' lang='lat' dir='ltr'>distinguit</span> <span class='ocrx_word' id='word_1_94' title='bbox 786 1329 861 1408; x_wconf 76' lang='lat' dir='ltr'>(at),</span> <span class='ocrx_word' id='word_1_95' title='bbox 878 1345 916 1388; x_wconf 92' lang='lat' dir='ltr'>ac</span> <span class='ocrx_word' id='word_1_96' title='bbox 938 1329 1078 1405; x_wconf 77' lang='lat' dir='ltr'>proinde</span> <span class='ocrx_word' id='word_1_97' title='bbox 1102 1329 1146 1388; x_wconf 91' lang='lat' dir='ltr'>de</span> <span class='ocrx_word' id='word_1_98' title='bbox 1170 1328 1254 1404; x_wconf 88' lang='lat' dir='ltr'>pinri-</span> 
     </span>
     <span class='ocr_line' id='line_1_15' title="bbox 257 1408 1256 1487; baseline -0.001 -19"><span class='ocrx_word' id='word_1_99' title='bbox 257 1408 320 1468; x_wconf 89' lang='lat' dir='ltr'>bus</span> <span class='ocrx_word' id='word_1_100' title='bbox 342 1413 391 1467; x_wconf 91' lang='lat' dir='ltr'>est</span> <span class='ocrx_word' id='word_1_101' title='bbox 412 1409 632 1484; x_wconf 88' lang='lat' dir='ltr'>praedicabitis</span> <span class='ocrx_word' id='word_1_102' title='bbox 654 1409 852 1486; x_wconf 88' lang='lat' dir='ltr'>:ampliatur</span> <span class='ocrx_word' id='word_1_103' title='bbox 876 1409 949 1487; x_wconf 85' lang='lat' dir='ltr'>ejus</span> <span class='ocrx_word' id='word_1_104' title='bbox 971 1410 1137 1481; x_wconf 83' lang='lat' dir='ltr'>extensi03</span> <span class='ocrx_word' id='word_1_105' title='bbox 1163 1409 1256 1485; x_wconf 86' lang='lat' dir='ltr'>itaque</span> 
     </span>
     <span class='ocr_line' id='line_1_16' title="bbox 259 1488 1256 1564; baseline -0.002 -16"><span class='ocrx_word' id='word_1_106' title='bbox 259 1502 335 1548; x_wconf 91' lang='lat' dir='ltr'>cum</span> <span class='ocrx_word' id='word_1_107' title='bbox 349 1488 508 1564; x_wconf 91' lang='lat' dir='ltr'>principio</span> <span class='ocrx_word' id='word_1_108' title='bbox 528 1492 570 1550; x_wconf 90' lang='lat' dir='ltr'>sit</span> <span class='ocrx_word' id='word_1_109' title='bbox 593 1490 735 1549; x_wconf 84' lang='lat' dir='ltr'>maxime</span> <span class='ocrx_word' id='word_1_110' title='bbox 761 1488 909 1562; x_wconf 82' lang='lat' dir='ltr'>confusa,</span> <span class='ocrx_word' id='word_1_111' title='bbox 933 1495 983 1548; x_wconf 89' lang='lat' dir='ltr'>est</span> <span class='ocrx_word' id='word_1_112' title='bbox 1008 1489 1108 1550; x_wconf 89' lang='lat' dir='ltr'>etiam</span> <span class='ocrx_word' id='word_1_113' title='bbox 1132 1489 1256 1548; x_wconf 80' lang='lat' dir='ltr'>maxime</span> 
     </span>
     <span class='ocr_line' id='line_1_17' title="bbox 257 1567 1256 1648; baseline -0.001 -20"><span class='ocrx_word' id='word_1_114' title='bbox 257 1568 463 1628; x_wconf 91' lang='lat' dir='ltr'>universalis.</span> <span class='ocrx_word' id='word_1_115' title='bbox 486 1569 571 1648; x_wconf 86' lang='lat' dir='ltr'>Ergo</span> <span class='ocrx_word' id='word_1_116' title='bbox 589 1570 733 1646; x_wconf 83' lang='lat' dir='ltr'>cognitio</span> <span class='ocrx_word' id='word_1_117' title='bbox 753 1569 995 1638; x_wconf 80' lang='lat' dir='ltr'>intellectualia,</span> <span class='ocrx_word' id='word_1_118' title='bbox 1026 1585 1066 1629; x_wconf 91' lang='lat' dir='ltr'>eo</span> <span class='ocrx_word' id='word_1_119' title='bbox 1091 1571 1163 1644; x_wconf 86' lang='lat' dir='ltr'>ipso</span> <span class='ocrx_word' id='word_1_120' title='bbox 1183 1567 1256 1645; x_wconf 86' lang='lat' dir='ltr'>quod</span> 
     </span>
     <span class='ocr_line' id='line_1_18' title="bbox 256 1646 1255 1787; baseline 0 -80"><span class='ocrx_word' id='word_1_121' title='bbox 256 1649 429 1787; x_wconf 52' lang='lat' dir='ltr'>principius</span> <span class='ocrx_word' id='word_1_122' title='bbox 440 1654 490 1708; x_wconf 90' lang='lat' dir='ltr'>est</span> <span class='ocrx_word' id='word_1_123' title='bbox 513 1649 654 1710; x_wconf 84' lang='lat' dir='ltr'>maxime</span> <span class='ocrx_word' id='word_1_124' title='bbox 681 1646 817 1710; x_wconf 85' lang='lat' dir='ltr'>confusa</span> <span class='ocrx_word' id='word_1_125' title='bbox 839 1653 872 1710; x_wconf 89' lang='lat' dir='ltr'>et</span> <span class='ocrx_word' id='word_1_126' title='bbox 892 1647 1091 1722; x_wconf 86' lang='lat' dir='ltr'>indistincta,</span> <span class='ocrx_word' id='word_1_127' title='bbox 1109 1653 1161 1710; x_wconf 87' lang='lat' dir='ltr'>est</span> <span class='ocrx_word' id='word_1_128' title='bbox 1175 1649 1255 1709; x_wconf 89' lang='lat' dir='ltr'>etiam</span> 
     </span>
     <span class='ocr_line' id='line_1_19' title="bbox 256 1744 481 1789; baseline -0.004 -1"><span class='ocrx_word' id='word_1_129' title='bbox 256 1744 409 1789; x_wconf 85' lang='lat' dir='ltr'>universa</span> <span class='ocrx_word' id='word_1_130' title='bbox 424 1745 481 1788; x_wconf 85' lang='lat' dir='ltr'>ior.</span> 
     </span>
    </p>
   </div>
   <div class='ocr_carea' id='block_1_3' title="bbox 257 1843 1255 2097">
    <p class='ocr_par' dir='ltr' id='par_1_4' title="bbox 257 1843 1255 2097">
     <span class='ocr_line' id='line_1_20' title="bbox 257 1843 1255 1936; baseline 0.004 -18"><span class='ocrx_word' id='word_1_131' title='bbox 257 1857 327 1919; x_wconf 72' lang='lat'>268.</span> <span class='ocrx_word' id='word_1_132' title='bbox 345 1892 381 1900; x_wconf 93' lang='lat'><em>-</em></span> <span class='ocrx_word' id='word_1_133' title='bbox 396 1860 503 1920; x_wconf 80' lang='lat' dir='ltr'>Tarsis</span> <span class='ocrx_word' id='word_1_134' title='bbox 518 1860 555 1919; x_wconf 83' lang='grc' dir='ltr'>ΙΙ.</span> <span class='ocrx_word' id='word_1_135' title='bbox 571 1862 727 1920; x_wconf 76' lang='lat' dir='ltr'>indirecte</span> <span class='ocrx_word' id='word_1_136' title='bbox 742 1843 772 1918; x_wconf 71' lang='lat' dir='ltr'>et&#39;</span> <span class='ocrx_word' id='word_1_137' title='bbox 786 1861 883 1935; x_wconf 82' lang='lat' dir='ltr'>qnasi</span> <span class='ocrx_word' id='word_1_138' title='bbox 898 1876 962 1936; x_wconf 83' lang='lat' dir='ltr'>per</span> <span class='ocrx_word' id='word_1_139' title='bbox 975 1860 1155 1935; x_wconf 82' lang='lat' dir='ltr'>qnamdam</span> <span class='ocrx_word' id='word_1_140' title='bbox 1176 1862 1255 1934; x_wconf 74' lang='lat' dir='ltr'>relie-</span> 
     </span>
     <span class='ocr_line' id='line_1_21' title="bbox 295 1939 1255 2016; baseline 0.005 -20"><span class='ocrx_word' id='word_1_141' title='bbox 295 1939 428 1997; x_wconf 81' lang='lat' dir='ltr'>aionent</span> <span class='ocrx_word' id='word_1_142' title='bbox 448 1956 545 2014; x_wconf 83' lang='lat' dir='ltr'>snper</span> <span class='ocrx_word' id='word_1_143' title='bbox 563 1945 654 2000; x_wconf 89' lang='lat' dir='ltr'>actns</span> <span class='ocrx_word' id='word_1_144' title='bbox 673 1941 902 2013; x_wconf 66' lang='lat' dir='ltr'>sensibilitatis,</span> <span class='ocrx_word' id='word_1_145' title='bbox 927 1939 1114 2016; x_wconf 68' lang='lat' dir='ltr'>singularia</span> <span class='ocrx_word' id='word_1_146' title='bbox 1127 1939 1255 2001; x_wconf 84' lang='lat' dir='ltr'>intellec·</span> 
     </span>
     <span class='ocr_line' id='line_1_22' title="bbox 296 2018 739 2097; baseline 0.002 -18"><span class='ocrx_word' id='word_1_147' title='bbox 296 2018 430 2079; x_wconf 82' lang='lat' dir='ltr'>tnaliter</span> <span class='ocrx_word' id='word_1_148' title='bbox 450 2021 670 2096; x_wconf 64' lang='lat' dir='ltr'>cognoscimus</span> <span class='ocrx_word' id='word_1_149' title='bbox 686 2020 739 2097; x_wconf 87' lang='lat' dir='ltr'>(l).</span> 
     </span>
    </p>
   </div>
   <div class='ocr_carea' id='block_1_4' title="bbox 254 2151 1255 2711">
    <p class='ocr_par' dir='ltr' id='par_1_5' title="bbox 254 2151 1255 2612">
     <span class='ocr_line' id='line_1_23' title="bbox 295 2151 1255 2230; baseline 0.001 -18"><span class='ocrx_word' id='word_1_150' title='bbox 295 2153 378 2212; x_wconf 88' lang='lat' dir='ltr'>Nota</span> <span class='ocrx_word' id='word_1_151' title='bbox 394 2153 416 2212; x_wconf 90' lang='lat' dir='ltr'>l.</span> <span class='ocrx_word' id='word_1_152' title='bbox 432 2154 503 2212; x_wconf 87' lang='lat' dir='ltr'>tam</span> <span class='ocrx_word' id='word_1_153' title='bbox 525 2153 848 2230; x_wconf 86' lang='lat' dir='ltr'>antea&#39;probavimus</span> <span class='ocrx_word' id='word_1_154' title='bbox 869 2152 1072 2213; x_wconf 91' lang='lat' dir='ltr'>intellectum</span> <span class='ocrx_word' id='word_1_155' title='bbox 1092 2151 1255 2230; x_wconf 82' lang='lat' dir='ltr'>singularia</span> 
     </span>
     <span class='ocr_line' id='line_1_24' title="bbox 255 2232 1255 2312; baseline 0.002 -21"><span class='ocrx_word' id='word_1_156' title='bbox 255 2233 428 2308; x_wconf 89' lang='lat' dir='ltr'>percipere</span> <span class='ocrx_word' id='word_1_157' title='bbox 444 2232 494 2312; x_wconf 89' lang='lat' dir='ltr'>(li,</span> <span class='ocrx_word' id='word_1_158' title='bbox 512 2235 596 2312; x_wconf 78' lang='lat'><strong>192);</strong></span> <span class='ocrx_word' id='word_1_159' title='bbox 614 2233 725 2310; x_wconf 89' lang='lat' dir='ltr'>itaque</span> <span class='ocrx_word' id='word_1_160' title='bbox 742 2246 831 2293; x_wconf 93' lang='lat' dir='ltr'>nunc</span> <span class='ocrx_word' id='word_1_161' title='bbox 845 2232 985 2309; x_wconf 87' lang='lat' dir='ltr'>probare</span> <span class='ocrx_word' id='word_1_162' title='bbox 1002 2232 1166 2293; x_wconf 90' lang='lat' dir='ltr'>debemus</span> <span class='ocrx_word' id='word_1_163' title='bbox 1185 2234 1255 2293; x_wconf 92' lang='lat' dir='ltr'>hanc</span> 
     </span>
     <span class='ocr_line' id='line_1_25' title="bbox 256 2313 1255 2390; baseline 0.002 -20"><span class='ocrx_word' id='word_1_164' title='bbox 256 2315 479 2390; x_wconf 84' lang='lat' dir='ltr'>cognitionem</span> <span class='ocrx_word' id='word_1_165' title='bbox 495 2328 569 2373; x_wconf 89' lang='lat' dir='ltr'>esse</span> <span class='ocrx_word' id='word_1_166' title='bbox 584 2313 826 2384; x_wconf 89' lang='lat' dir='ltr'>secundariam,</span> <span class='ocrx_word' id='word_1_167' title='bbox 843 2328 905 2372; x_wconf 91' lang='lat' dir='ltr'>seu</span> <span class='ocrx_word' id='word_1_168' title='bbox 924 2316 1038 2373; x_wconf 85' lang='lat' dir='ltr'>venire</span> <span class='ocrx_word' id='word_1_169' title='bbox 1064 2317 1141 2388; x_wconf 91' lang='lat' dir='ltr'>post</span> <span class='ocrx_word' id='word_1_170' title='bbox 1156 2315 1255 2390; x_wconf 88' lang='lat' dir='ltr'>cogni-</span> 
     </span>
     <span class='ocr_line' id='line_1_26' title="bbox 256 2391 1253 2470; baseline 0.002 -20"><span class='ocrx_word' id='word_1_171' title='bbox 256 2391 379 2453; x_wconf 88' lang='lat' dir='ltr'>tionem</span> <span class='ocrx_word' id='word_1_172' title='bbox 394 2392 594 2470; x_wconf 74' lang='lat' dir='ltr'>quidditatis</span> <span class='ocrx_word' id='word_1_173' title='bbox 610 2393 675 2454; x_wconf 91' lang='lat' dir='ltr'>imo</span> <span class='ocrx_word' id='word_1_174' title='bbox 690 2391 760 2452; x_wconf 88' lang='lat' dir='ltr'>fieri</span> <span class='ocrx_word' id='word_1_175' title='bbox 775 2409 836 2468; x_wconf 91' lang='lat' dir='ltr'>per</span> <span class='ocrx_word' id='word_1_176' title='bbox 849 2408 1040 2470; x_wconf 84' lang='lat' dir='ltr'>regressum</span> <span class='ocrx_word' id='word_1_177' title='bbox 1051 2409 1154 2470; x_wconf 90' lang='lat' dir='ltr'>super</span> <span class='ocrx_word' id='word_1_178' title='bbox 1168 2393 1253 2469; x_wconf 91' lang='lat' dir='ltr'>phan-</span> 
     </span>
     <span class='ocr_line' id='line_1_27' title="bbox 256 2473 1255 2550; baseline 0.001 -19"><span class='ocrx_word' id='word_1_179' title='bbox 256 2475 405 2545; x_wconf 88' lang='lat' dir='ltr'>tasmata,</span> <span class='ocrx_word' id='word_1_180' title='bbox 425 2488 499 2550; x_wconf 88' lang='lat' dir='ltr'>quae</span> <span class='ocrx_word' id='word_1_181' title='bbox 514 2475 654 2550; x_wconf 87' lang='lat' dir='ltr'>primam</span> <span class='ocrx_word' id='word_1_182' title='bbox 676 2473 899 2550; x_wconf 86' lang='lat' dir='ltr'>cognitionem</span> <span class='ocrx_word' id='word_1_183' title='bbox 914 2488 974 2533; x_wconf 87' lang='lat' dir='ltr'>suo</span> <span class='ocrx_word' id='word_1_184' title='bbox 990 2473 1091 2535; x_wconf 90' lang='lat' dir='ltr'>modo</span> <span class='ocrx_word' id='word_1_185' title='bbox 1113 2473 1255 2534; x_wconf 87' lang='lat' dir='ltr'>determi-</span> 
     </span>
     <span class='ocr_line' id='line_1_28' title="bbox 254 2556 386 2612; baseline -0.015 0"><span class='ocrx_word' id='word_1_186' title='bbox 254 2556 386 2612; x_wconf 88' lang='lat' dir='ltr'>narunt.</span> 
     </span>
    </p>

    <p class='ocr_par' dir='ltr' id='par_1_6' title="bbox 295 2630 1254 2711">
     <span class='ocr_line' id='line_1_29' title="bbox 295 2630 1254 2711; baseline 0.001 -20"><span class='ocrx_word' id='word_1_187' title='bbox 295 2635 377 2692; x_wconf 87' lang='lat' dir='ltr'>Nota</span> <span class='ocrx_word' id='word_1_188' title='bbox 393 2633 429 2693; x_wconf 92' lang='lat' dir='ltr'>ll.</span> <span class='ocrx_word' id='word_1_189' title='bbox 454 2631 570 2706; x_wconf 86' lang='lat' dir='ltr'>Quoad</span> <span class='ocrx_word' id='word_1_190' title='bbox 584 2631 722 2692; x_wconf 91' lang='lat' dir='ltr'>modum</span> <span class='ocrx_word' id='word_1_191' title='bbox 738 2647 803 2708; x_wconf 89' lang='lat' dir='ltr'>quo</span> <span class='ocrx_word' id='word_1_192' title='bbox 829 2630 1062 2709; x_wconf 89' lang='lat' dir='ltr'>cognoscimus</span> <span class='ocrx_word' id='word_1_193' title='bbox 1078 2633 1254 2711; x_wconf 89' lang='lat' dir='ltr'>singularia,</span> 
     </span>
    </p>
   </div>
   <div class='ocr_carea' id='block_1_5' title="bbox 165 2711 1256 2791">
    <p class='ocr_par' dir='ltr' id='par_1_7' title="bbox 165 2711 1256 2791">
     <span class='ocr_line' id='line_1_30' title="bbox 165 2711 1256 2791; baseline 0.001 -21"><span class='ocrx_word' id='word_1_194' title='bbox 165 2719 167 2723; x_wconf 84' lang='grc'><strong><em>·</em></strong></span> <span class='ocrx_word' id='word_1_195' title='bbox 256 2715 477 2773; x_wconf 92' lang='lat' dir='ltr'>controversia</span> <span class='ocrx_word' id='word_1_196' title='bbox 492 2712 599 2773; x_wconf 82' lang='lat' dir='ltr'>existit</span> <span class='ocrx_word' id='word_1_197' title='bbox 613 2715 699 2772; x_wconf 90' lang='lat' dir='ltr'>inter</span> <span class='ocrx_word' id='word_1_198' title='bbox 712 2712 925 2772; x_wconf 90' lang='lat' dir='ltr'>scholasticos</span> <span class='ocrx_word' id='word_1_199' title='bbox 942 2729 949 2768; x_wconf 92' lang='lat'>:</span> <span class='ocrx_word' id='word_1_200' title='bbox 969 2714 999 2772; x_wconf 81' lang='grc' dir='ltr'>1ο</span> <span class='ocrx_word' id='word_1_201' title='bbox 1007 2711 1104 2791; x_wconf 86' lang='lat' dir='ltr'>juxta</span> <span class='ocrx_word' id='word_1_202' title='bbox 1119 2717 1256 2774; x_wconf 91' lang='lat' dir='ltr'>sanctum</span> 
     </span>
    </p>
   </div>
   <div class='ocr_carea' id='block_1_6' title="bbox 251 2789 1257 3510">
    <p class='ocr_par' dir='ltr' id='par_1_8' title="bbox 251 2789 1257 3510">
     <span class='ocr_line' id='line_1_31' title="bbox 253 2789 1254 2871; baseline 0 -20"><span class='ocrx_word' id='word_1_203' title='bbox 253 2791 421 2865; x_wconf 87' lang='lat' dir='ltr'>Thomam,</span> <span class='ocrx_word' id='word_1_204' title='bbox 438 2793 624 2853; x_wconf 90' lang='lat' dir='ltr'>intellectus</span> <span class='ocrx_word' id='word_1_205' title='bbox 638 2791 816 2870; x_wconf 87' lang='lat' dir='ltr'>singularia</span> <span class='ocrx_word' id='word_1_206' title='bbox 837 2789 961 2852; x_wconf 89' lang='lat' dir='ltr'>directe</span> <span class='ocrx_word' id='word_1_207' title='bbox 983 2807 1050 2851; x_wconf 94' lang='lat' dir='ltr'>non</span> <span class='ocrx_word' id='word_1_208' title='bbox 1072 2794 1254 2871; x_wconf 89' lang='lat' dir='ltr'>cognoscit:</span> 
     </span>
     <span class='ocr_line' id='line_1_32' title="bbox 254 2869 1253 2950; baseline 0.003 -19"><span class='ocrx_word' id='word_1_209' title='bbox 254 2871 306 2931; x_wconf 93' lang='lat' dir='ltr'>hic</span> <span class='ocrx_word' id='word_1_210' title='bbox 323 2871 410 2931; x_wconf 85' lang='lat' dir='ltr'>enirn</span> <span class='ocrx_word' id='word_1_211' title='bbox 425 2871 544 2933; x_wconf 90' lang='lat' dir='ltr'>modus</span> <span class='ocrx_word' id='word_1_212' title='bbox 560 2888 599 2933; x_wconf 89' lang='lat' dir='ltr'>ea</span> <span class='ocrx_word' id='word_1_213' title='bbox 616 2869 840 2950; x_wconf 90' lang='lat' dir='ltr'>cognoscendi</span> <span class='ocrx_word' id='word_1_214' title='bbox 854 2871 1006 2947; x_wconf 89' lang='lat' dir='ltr'>proprius</span> <span class='ocrx_word' id='word_1_215' title='bbox 1027 2878 1078 2931; x_wconf 91' lang='grc' dir='ltr'>εει</span> <span class='ocrx_word' id='word_1_216' title='bbox 1096 2888 1253 2945; x_wconf 81' lang='lat' dir='ltr'>sensuum,</span> 
     </span>
     <span class='ocr_line' id='line_1_33' title="bbox 255 2951 1255 3030; baseline 0 -19"><span class='ocrx_word' id='word_1_217' title='bbox 255 2951 334 3011; x_wconf 89' lang='lat' dir='ltr'>dum</span> <span class='ocrx_word' id='word_1_218' title='bbox 348 2951 533 3012; x_wconf 88' lang='lat' dir='ltr'>intellectos</span> <span class='ocrx_word' id='word_1_219' title='bbox 549 2951 673 3012; x_wconf 89' lang='lat' dir='ltr'>directe</span> <span class='ocrx_word' id='word_1_220' title='bbox 684 2969 747 3026; x_wconf 84' lang='lat' dir='ltr'>per</span> <span class='ocrx_word' id='word_1_221' title='bbox 761 2969 794 3012; x_wconf 88' lang='lat' dir='ltr'>se</span> <span class='ocrx_word' id='word_1_222' title='bbox 808 2951 939 3012; x_wconf 89' lang='lat' dir='ltr'>nonnisi</span> <span class='ocrx_word' id='word_1_223' title='bbox 953 2952 1152 3012; x_wconf 89' lang='lat' dir='ltr'>universalia</span> <span class='ocrx_word' id='word_1_224' title='bbox 1165 2953 1255 3030; x_wconf 88' lang='lat' dir='ltr'>perci-</span> 
     </span>
     <span class='ocr_line' id='line_1_34' title="bbox 252 3030 1256 3108; baseline -0.001 -16"><span class='ocrx_word' id='word_1_225' title='bbox 252 3033 302 3108; x_wconf 90' lang='lat' dir='ltr'>pit</span> <span class='ocrx_word' id='word_1_226' title='bbox 331 3050 338 3090; x_wconf 91' lang='lat'><strong>:</strong></span> <span class='ocrx_word' id='word_1_227' title='bbox 368 3031 444 3092; x_wconf 91' lang='lat' dir='ltr'>hinc</span> <span class='ocrx_word' id='word_1_228' title='bbox 467 3030 626 3092; x_wconf 88' lang='lat' dir='ltr'>indirecte</span> <span class='ocrx_word' id='word_1_229' title='bbox 652 3035 780 3092; x_wconf 91' lang='lat' dir='ltr'>tantum</span> <span class='ocrx_word' id='word_1_230' title='bbox 806 3034 839 3090; x_wconf 91' lang='grc' dir='ltr'><strong>ει</strong></span> <span class='ocrx_word' id='word_1_231' title='bbox 869 3047 931 3108; x_wconf 91' lang='lat' dir='ltr'>per</span> <span class='ocrx_word' id='word_1_232' title='bbox 955 3032 1201 3092; x_wconf 90' lang='lat' dir='ltr'>conversionem</span> <span class='ocrx_word' id='word_1_233' title='bbox 1222 3032 1256 3091; x_wconf 89' lang='lat' dir='ltr'>ad</span> 
     </span>
     <span class='ocr_line' id='line_1_35' title="bbox 253 3109 1257 3190; baseline -0.001 -19"><span class='ocrx_word' id='word_1_234' title='bbox 253 3113 567 3189; x_wconf 83' lang='lat' dir='ltr'>repraesentationes</span> <span class='ocrx_word' id='word_1_235' title='bbox 581 3111 755 3173; x_wconf 88' lang='lat' dir='ltr'>sensibiles</span> <span class='ocrx_word' id='word_1_236' title='bbox 769 3111 842 3170; x_wconf 89' lang='lat' dir='ltr'>haec</span> <span class='ocrx_word' id='word_1_237' title='bbox 856 3109 994 3171; x_wconf 85' lang='lat' dir='ltr'>facultas</span> <span class='ocrx_word' id='word_1_238' title='bbox 1009 3112 1142 3186; x_wconf 80' lang='lat' dir='ltr'>attingit</span> <span class='ocrx_word' id='word_1_239' title='bbox 1155 3114 1257 3190; x_wconf 89' lang='lat' dir='ltr'>singn-</span> 
     </span>
     <span class='ocr_line' id='line_1_36' title="bbox 253 3191 1256 3268; baseline -0.001 -17"><span class='ocrx_word' id='word_1_240' title='bbox 253 3191 344 3253; x_wconf 85' lang='lat' dir='ltr'>laria.</span> <span class='ocrx_word' id='word_1_241' title='bbox 361 3192 394 3252; x_wconf 74' lang='lat'>20</span> <span class='ocrx_word' id='word_1_242' title='bbox 410 3193 581 3253; x_wconf 89' lang='lat' dir='ltr'>Suarezius</span> <span class='ocrx_word' id='word_1_243' title='bbox 596 3191 834 3268; x_wconf 89' lang='lat' dir='ltr'>cumpluribus</span> <span class='ocrx_word' id='word_1_244' title='bbox 849 3191 921 3252; x_wconf 90' lang='lat' dir='ltr'>aliis</span> <span class='ocrx_word' id='word_1_245' title='bbox 936 3196 1051 3252; x_wconf 91' lang='lat' dir='ltr'>censet</span> <span class='ocrx_word' id='word_1_246' title='bbox 1064 3191 1256 3252; x_wconf 87' lang='lat' dir='ltr'>intellectum</span> 
     </span>
     <span class='ocr_line' id='line_1_37' title="bbox 252 3270 1256 3350; baseline -0.002 -18"><span class='ocrx_word' id='word_1_247' title='bbox 252 3277 403 3332; x_wconf 87' lang='lat' dir='ltr'>nostrum</span> <span class='ocrx_word' id='word_1_248' title='bbox 417 3272 594 3350; x_wconf 87' lang='lat' dir='ltr'>singularia</span> <span class='ocrx_word' id='word_1_249' title='bbox 604 3274 738 3348; x_wconf 91' lang='lat' dir='ltr'>proprie</span> <span class='ocrx_word' id='word_1_250' title='bbox 754 3277 788 3332; x_wconf 88' lang='lat' dir='ltr'>et</span> <span class='ocrx_word' id='word_1_251' title='bbox 803 3270 927 3332; x_wconf 87' lang='lat' dir='ltr'>directe</span> <span class='ocrx_word' id='word_1_252' title='bbox 944 3286 1149 3349; x_wconf 85' lang='lat' dir='ltr'>cognoscere</span> <span class='ocrx_word' id='word_1_253' title='bbox 1159 3288 1196 3332; x_wconf 95' lang='lat' dir='ltr'>ac</span> <span class='ocrx_word' id='word_1_254' title='bbox 1206 3287 1256 3348; x_wconf 93' lang='lat' dir='ltr'>per</span> 
     </span>
     <span class='ocr_line' id='line_1_38' title="bbox 251 3350 1255 3429; baseline 0 -17"><span class='ocrx_word' id='word_1_255' title='bbox 251 3353 401 3429; x_wconf 88' lang='lat' dir='ltr'>proprias</span> <span class='ocrx_word' id='word_1_256' title='bbox 425 3367 539 3412; x_wconf 91' lang='lat' dir='ltr'>eorum</span> <span class='ocrx_word' id='word_1_257' title='bbox 554 3350 696 3427; x_wconf 70' lang='lat' dir='ltr'>species</span> <span class='ocrx_word' id='word_1_258' title='bbox 713 3366 780 3412; x_wconf 91' lang='lat' dir='ltr'>non</span> <span class='ocrx_word' id='word_1_259' title='bbox 801 3357 913 3412; x_wconf 92' lang='lat' dir='ltr'>autem</span> <span class='ocrx_word' id='word_1_260' title='bbox 931 3367 992 3426; x_wconf 90' lang='lat' dir='ltr'>per</span> <span class='ocrx_word' id='word_1_261' title='bbox 1017 3353 1255 3413; x_wconf 89' lang='lat' dir='ltr'>conversionem</span> 
     </span>
     <span class='ocr_line' id='line_1_39' title="bbox 252 3431 1255 3510; baseline 0.002 -18"><span class='ocrx_word' id='word_1_262' title='bbox 252 3431 296 3492; x_wconf 82' lang='lat' dir='ltr'>ad</span> <span class='ocrx_word' id='word_1_263' title='bbox 316 3431 544 3508; x_wconf 85' lang='lat' dir='ltr'>phantasmata</span> <span class='ocrx_word' id='word_1_264' title='bbox 559 3431 612 3510; x_wconf 72' lang='lat'>(2).</span> <span class='ocrx_word' id='word_1_265' title='bbox 629 3433 773 3509; x_wconf 88' lang='lat' dir='ltr'>Utraque</span> <span class='ocrx_word' id='word_1_266' title='bbox 788 3431 953 3492; x_wconf 89' lang='lat' dir='ltr'>sententia</span> <span class='ocrx_word' id='word_1_267' title='bbox 966 3447 1060 3493; x_wconf 91' lang='lat' dir='ltr'>suam</span> <span class='ocrx_word' id='word_1_268' title='bbox 1074 3431 1176 3494; x_wconf 89' lang='lat' dir='ltr'>habet</span> <span class='ocrx_word' id='word_1_269' title='bbox 1188 3449 1255 3509; x_wconf 89' lang='lat' dir='ltr'>prc-</span> 
     </span>
    </p>
   </div>
   <div class='ocr_carea' id='block_1_7' title="bbox 263 3565 883 3718">
    <p class='ocr_par' dir='ltr' id='par_1_9' title="bbox 263 3565 883 3718">
     <span class='ocr_line' id='line_1_40' title="bbox 284 3565 694 3630; baseline 0 -16"><span class='ocrx_word' id='word_1_270' title='bbox 284 3566 317 3630; x_wconf 72' lang='lat'>(1)</span> <span class='ocrx_word' id='word_1_271' title='bbox 331 3565 358 3615; x_wconf 87' lang='lat' dir='ltr'>S.</span> <span class='ocrx_word' id='word_1_272' title='bbox 372 3567 464 3616; x_wconf 83' lang='lat' dir='ltr'>Thom.</span> <span class='ocrx_word' id='word_1_273' title='bbox 478 3567 490 3614; x_wconf 93' lang='lat' dir='ltr'>I</span> <span class='ocrx_word' id='word_1_274' title='bbox 502 3581 527 3629; x_wconf 94' lang='lat' dir='ltr'>p.</span> <span class='ocrx_word' id='word_1_275' title='bbox 545 3581 570 3630; x_wconf 89' lang='lat' dir='ltr'>q.</span> <span class='ocrx_word' id='word_1_276' title='bbox 584 3567 615 3617; x_wconf 89' lang='grc'>86</span> <span class='ocrx_word' id='word_1_277' title='bbox 627 3583 651 3616; x_wconf 88' lang='lat' dir='ltr'>a.</span> <span class='ocrx_word' id='word_1_278' title='bbox 671 3567 694 3615; x_wconf 87' lang='lat'>1.</span> 
     </span>
     <span class='ocr_line' id='line_1_41' title="bbox 263 3652 883 3718; baseline 0.005 -17"><span class='ocrx_word' id='word_1_279' title='bbox 263 3653 295 3704; x_wconf 76' lang='lat' dir='ltr'>tet</span> <span class='ocrx_word' id='word_1_280' title='bbox 311 3653 350 3702; x_wconf 84' lang='lat' dir='ltr'>De</span> <span class='ocrx_word' id='word_1_281' title='bbox 364 3653 459 3702; x_wconf 83' lang='lat' dir='ltr'>Anim.</span> <span class='ocrx_word' id='word_1_282' title='bbox 475 3652 504 3704; x_wconf 88' lang='lat' dir='ltr'>L.</span> <span class='ocrx_word' id='word_1_283' title='bbox 520 3652 564 3702; x_wconf 86' lang='lat' dir='ltr'>tv.</span> <span class='ocrx_word' id='word_1_284' title='bbox 580 3667 602 3702; x_wconf 92' lang='lat' dir='ltr'>c.</span> <span class='ocrx_word' id='word_1_285' title='bbox 616 3652 642 3715; x_wconf 83' lang='lat'>3,</span> <span class='ocrx_word' id='word_1_286' title='bbox 657 3653 804 3718; x_wconf 84' lang='lat' dir='ltr'>praesertim</span> <span class='ocrx_word' id='word_1_287' title='bbox 818 3670 844 3704; x_wconf 92' lang='lat' dir='ltr'>n.</span> <span class='ocrx_word' id='word_1_288' title='bbox 859 3656 883 3705; x_wconf 83' lang='grc'>7.</span> 
     </span>
    </p>
   </div>
   <div class='ocr_carea' id='block_1_8' title="bbox 0 0 1326 4209">
    <p class='ocr_par' dir='ltr' id='par_1_10' title="bbox 0 0 1326 4209">
     <span class='ocr_line' id='line_1_42' title="bbox 0 0 1326 4209; baseline 0 2"><span class='ocrx_word' id='word_1_289' title='bbox 0 0 1326 4209; x_wconf 95' lang='lat' dir='ltr'> </span> 
     </span>
    </p>
   </div>
  </div>
 </body>
</html>
