2642 4209
273 263 470 307 urranirrsms
492 262 921 307 sorer.u1s.-cosuonoou.
1070 243 1110 304 27

129 375 168 433 il.
188 376 379 435 ntomismns
399 378 663 437 chinnicusetium
683 379 726 435 est
740 376 905 450 imperet
917 374 1001 435 hanc
1021 388 1110 434 cont·

79 456 284 529 positionem
298 456 539 531 explicandam.
803 525 806 532 1

132 534 162 591 1⁰
189 533 359 596 Elementa
380 536 541 611 primitiva
568 534 725 593 materiali
753 532 880 612 analysi
907 532 1107 605 obtinentur,

86 627 162 689 quae
185 628 307 689 eorpus
321 614 354 674 in
370 630 428 674 sua
443 614 602 693 principia
618 613 754 690 chimica
768 614 915 684 resolvit;
938 612 1027 689 atqui
1042 612 1110 672 hac

86 692 236 771 analysis
259 707 325 753 non
352 694 470 770 prohat
498 692 658 773 ejusmodi
684 693 843 769 principia
872 693 1008 753 chimica
1034 706 1111 753 esse

85 770 312 847 primordialia
334 775 466 835 omnino
502 790 540 834 ao
568 772 804 848 simplicissima
828 787 1000 847 corporum
1039 771 1107 831 ele·

86 855 215 911 menta.
244 851 369 912 Etenim
401 856 431 914 1⁰
482 853 515 912 ui
537 852 681 913 scientiis
705 851 849 931 physicis
871 866 1003 928 operam
1021 849 1111 924 dant,

89 930 288 991 contrarium
304 931 444 993 libenter
460 870 617 1005 latentur,
648 934 771 1008 quippe
797 947 869 991 cum
883 930 947 1006 ipsi
971 928 1113 992 doceant

92 1033 106 1061 ι
121 1009 178 1069 iha
193 1026 330 1087 corpora
346 1010 409 1071 diei
422 1014 586 1087 simplicio
600 1012 773 1087 exquibus
786 1010 1113 1089 hucusqueanalysis

90 1088 230 1151 chimica
245 1106 313 1151 non
327 1092 433 1166 potuit
452 1091 598 1152 invenire
609 1090 672 1150 nisi
686 1107 783 1150 unam
804 1089 1021 1167 eamdemque
1036 1090 1113 1151 sub-

89 1171 243 1230 stantiam
258 1167 301 1247 ll)
327 1192 339 1221 ›
364 1186 426 1231 seu
451 1170 626 1246 particulas
646 1170 886 1248 homogeneas3
913 1167 988 1230 ideo
1013 1169 1114 1246 aliqui

90 1262 208 1309 eorum
236 1248 279 1309 ad
302 1249 430 1313 diversa
446 1247 828 1328 confugiuntsystemata
856 1250 941 1308 eirca
962 1253 1111 1310 naturam

90 1328 327 1389 molecular'um
344 1329 585 1407 primitivarum.
608 1330 640 1388 Τ
657 1329 819 1389 Numerus
840 1344 1011 1405 corporum
1032 1329 1110 1389 sim-

90 1407 225 1483 plicium
242 1412 369 1483 crescit,
386 1409 461 1469 licet
477 1408 699 1485 experimenta
721 1408 916 1485 plerumque
938 1413 1113 1469 versentur

92 1488 181 1548 circa
209 1487 325 1549 eadem
366 1490 556 1564 composita,
582 1492 616 1548 et
641 1485 718 1547 ideo
747 1488 942 1567 hypothesis
973 1488 1028 1549 vix
1060 1492 1112 1548 est

91 1566 232 1629 chimice
253 1583 341 1636 vera,
359 1575 420 1630 eta
441 1568 566 1629 fortiori
594 1571 788 1644 praesentem
814 1567 1025 1644 questionem
1041 1565 1112 1628 sol·

90 1661 172 1706 vere
187 1649 313 1724 nequit.
331 1649 362 1709 3⁰
376 1648 527 1727 Analysis
544 1646 679 1708 chimica
693 1648 859 1707 resolvere
869 1644 1010 1706 intendit
1026 1662 1111 1706 com-

91 1726 202 1801 posita
228 1727 262 1787 in
283 1741 424 1802 corporo
455 1726 628 1801 simplicio,
660 1743 731 1804 quae
767 1726 891 1787 scilicet
920 1725 1111 1785 ulteriorem

93 1806 254 1884 analysim
282 1807 450 1868 chimieam
480 1807 653 1885 effugiant;
685 1803 746 1865 sed
781 1805 860 1865 nihil
900 1802 1111 1865 manifestare

91 1883 181 1945 valet
209 1884 251 1945 de
272 1894 389 1947 natura
403 1885 515 1948 intima
544 1887 690 1963 corporis
712 1885 865 1960 simplicis
890 1883 943 1964 (2).
962 1884 1117 1961 Ideoque.

91 1964 174 2025 illud
190 1969 335 2043 systema
351 1966 560 2043 questionem
577 1964 833 2043 metaphysicam
850 1962 1025 2025 denatura
1042 1980 1112 2024 cor·
1207 2016 1210 2022 .

92 2060 210 2120 porum
235 2060 302 2105 non
330 2046 474 2124 attingit;
493 2046 535 2125 ad
563 2050 744 2105 atomorum
762 2044 937 2104 essentiam
954 2043 1112 2105 devenire

91 2125 209 2201 nequit
231 2126 373 2203 analysis
396 2126 543 2195 mimica,
574 2141 644 2201 quae
670 2122 816 2200 profecto
835 2140 902 2184 non
917 2122 1113 2199 possetlor-

91 2219 176 2264 mam
192 2204 383 2282 simplicem,
412 2202 562 2282 sindesi,
579 2220 598 2265 a
620 2204 754 2264 materia
774 2204 880 2279 prima
901 2209 1112 2283 segregatam

91 2298 239 2345 servare.

132 2363 242 2437 Quare
254 2363 379 2426 chimici
389 2363 488 2424 hodie
501 2361 661 2424 communi
679 2376 845 2422 consensu
860 2358 1004 2421 fatentur
1015 2361 1111 2421 etiam

91 2447 220 2503 atomos
233 2458 403 2521 corporum
417 2443 550 2505 chimice
561 2441 752 2518 simplicium
763 2457 831 2500 non
842 2456 916 2500 esse
927 2441 987 2501 nisi
1003 2439 1110 2500 diver·

93 2521 220 2585 simoda
246 2527 430 2603 aggregata
454 2522 693 2582 elementorum
719 2519 935 2596 quorumdam
957 2519 1111 2597 primige-

91 2602 223 2662 niorum
243 2603 277 2663 in
292 2619 351 2662 suo
375 2618 448 2663 esse
463 2600 615 2678 specifico
638 2600 966 2661 intrcnsmntohtttten
984 2614 1113 2676 perma-

91 2683 251 2744 nentium.

131 2762 164 2822 20
179 2762 356 2823 Diversitas
372 2776 555 2835 corporum,
573 2759 667 2819 etiam
684 2756 800 2818 iisdem
817 2756 987 2831 elementis
1003 2756 1112 2819 chimi-

95 2842 139 2900 cis
163 2842 392 2907 constantium,
410 2840 591 2914 explicatur
607 2842 641 2900 in
663 2838 726 2897 hoe
740 2840 920 2917 systemate
936 2852 995 2912 per
1010 2835 1112 2896 solam

94 2920 321 2982 attractionem
335 2920 578 2982 molecularum.
595 2916 694 2994 Atqui
709 2932 824 2977 omnes
840 2916 932 2994 leges
948 2915 1113 2976 attractio·

94 3000 156 3071 nis,
188 3016 270 3078 quas
297 3004 426 3076 ponunt
454 2998 590 3069 chimisi,
622 2996 703 3057 nihil
727 2994 905 3073 quidquam
934 2994 1047 3056 valent
1070 2994 1108 3054 ad

93 3080 180 3140 hano
202 3080 408 3140 essentialem
432 3078 649 3139 diversitatem
674 3075 916 3151 explicandam,
940 3091 1012 3135 eum
1042 3074 1114 3150 ipsa

95 3160 257 3223 elementa
281 3164 315 3219 et
334 3156 492 3235 praedicte
511 3158 606 3237 leges
621 3153 738 3217 eadem
755 3171 891 3231 prorsus
907 3156 973 3215 sint
995 3154 1029 3213 in
1045 3171 1113 3215 cor·

94 3294 451 3364 fi·(1)Berzelius,Dujardin,
465 3292 637 3352 Bouchardat,
652 3292 772 3349 Pelouze‚
784 3295 834 3340 etc.

95 3404 184 3483 ἕῳ(
199 3403 239 3451 On
253 3401 290 3449 dit
303 3398 376 3464 qu’ils
402 3401 449 3463 (les
462 3399 545 3477 corps)
562 3402 620 3447 sont
633 3396 759 3504 simplas,
773 3409 850 3458 parce
864 3393 1042 3462 qu'onfln'apu
1054 3392 1114 3463 1¹¹⁸·

96 3480 130 3576 gu
139 3480 171 3513 ror
184 3464 221 3515 les
248 3464 411 3526 deeornposer
425 3477 457 3509 en
469 3462 515 3509 des
527 3461 650 3509 elements
663 3473 680 3522 p
691 3472 720 3505 us
740 3456 842 3520 srmples
860 3476 882 3505 »,
897 3454 1031 3525 napserim,
1040 3455 1111 3505 plot,

116 3526 182 3575 ’hist
194 3530 259 3584 nat,
272 3525 398 3574 Matiene.
410 3524 456 3572 Est
465 3524 550 3571 verior
563 3520 676 3590 definitio
687 3531 823 3581 corporum
836 3516 988 3628 simplicium
1001 3516 1028 3562 in
1039 3531 1114 3565 sensu

98 3587 282 3637 chimistarum.
296 3587 378 3645 Quare
391 3582 491 3696 physici
511 3583 629 3633 hodierni
642 3580 674 3630 56
699 3594 808 3644 corpora
821 3594 943 3644 simplem
965 3578 1050 3626 locol
1065 3576 1115 3626 ele-

98 3657 249 3699 mentorum
263 3647 355 3697 veteris
368 3648 389 3696 P
410 3647 485 3711 ysicae
498 3644 602 3694 habent.
