2642 4209
327 665 709 751 PSYOHOLOGIA
733 670 743 756 i
764 670 786 756 ).

87 1147 158 1208 105.
185 1182 227 1192 -
250 1148 473 1229 Psychologiae
495 1162 618 1211 nomen
644 1166 685 1213 ex
703 1151 840 1212 vocibus
861 1148 975 1229 graecis
989 1149 1064 1232 ψυχὴ

46 1227 207 1305 (spiritus,
223 1226 345 1307 anima)
361 1233 394 1289 et
408 1232 489 1307 λόγος
501 1229 608 1307 (ratio)
623 1227 814 1304 conflatum,
831 1232 993 1291 rationem
1023 1230 1065 1293 de

46 1307 159 1366 anima
174 1306 348 1385 significat,
363 1306 752 1385 ideoquedetinitionem
762 1309 889 1371 realem
904 1310 1040 1370 exhibet
1056 1331 1064 1370 z

47 1386 273 1465 psychologiae
299 1388 388 1448 enirn
409 1388 501 1449 titulo
527 1387 723 1467 designatur
741 1388 809 1449 haec
833 1390 1066 1468 metaphysicis

46 1466 206 1542 specialis
220 1482 296 1543 pars
311 1482 382 1544 quae
400 1468 485 1527 circa
515 1468 659 1528 animam
672 1469 854 1530 humanam
867 1474 1030 1530 versatur.

84 1545 264 1613 Praesentis
280 1546 484 1607 tractationis
497 1548 669 1626 objectum
689 1554 739 1610 est
759 1548 833 1623 ipsa
856 1549 976 1622 anima,
998 1564 1067 1608 non

46 1629 163 1686 autem
203 1626 301 1687 homo
327 1625 497 1703 adaequate
523 1632 698 1703 sumptus3
715 1628 856 1689 scientia
884 1628 973 1690 enim
996 1643 1067 1705 quae

47 1705 137 1765 circa
147 1706 317 1765 hominem
331 1710 490 1777 versatur,
504 1707 753 1785 anthropolopic
763 1707 958 1784 appellatur,
972 1708 1067 1786 cujus
1082 1755 1084 1760 .

46 1788 255 1860 partessunt
269 1788 443 1857 anatomia,
459 1786 680 1865 physiologia,
700 1786 876 1861 medicina,
892 1787 1069 1865 psycholo·

46 1866 103 1942 gia
121 1864 210 1925 :haec
224 1866 339 1925 ultima
348 1865 416 1925 sola
430 1866 578 1941 pertinet
591 1866 635 1927 ad
644 1867 917 1945 metaphysieam.
930 1867 1066 1945 Physio-

46 1944 150 2018 logia,
167 1945 350 2015 anatomia,
370 1943 533 2005 medicina
555 1946 736 2006 humanum
765 1963 885 2024 corpus
915 1945 1067 2007 conside-

47 2026 136 2097 rant,
153 2022 235 2083 dum
249 2022 477 2103 metaphysica
491 2025 635 2085 animam
649 2026 713 2087 sibi
726 2024 870 2087 vindicat
888 2026 1068 2103 inspicien-

50 2104 139 2175 dam,
157 2118 228 2181 quae
244 2107 295 2163 est
310 2116 370 2163 ens
385 2102 523 2181 aliquod
537 2103 754 2165 immateriale
768 2106 851 2182 (261,
865 2102 948 2184 262).

92 2182 162 2243 106.
180 2216 218 2225 ·-
233 2184 268 2242 ln
281 2184 367 2244 hanc
379 2184 623 2262 'metaphysioae
647 2188 791 2261 partem,
817 2202 889 2262 quae
912 2188 1066 2246 naturam

49 2262 147 2322 animi
174 2263 314 2323 humani
332 2267 570 2338 perscrutatur,
596 2263 842 2337 incumbemus,
879 2263 1013 2343 agendo
1039 2267 1070 2325 1ο

51 2339 93 2401 de
108 2340 225 2401 animae
236 2343 384 2403 humanae
399 2343 595 2415 substantia,
611 2358 673 2403 seu
693 2342 737 2404 de
751 2344 905 2423 subjecto
920 2343 1070 2405 omnium

50 2419 254 2481 facultatum.
274 2424 306 2481 2⁰
333 2424 509 2500 Perspecta
532 2422 646 2483 anime
671 2424 857 2486 substantia
881 2423 924 2484 ad
944 2423 1068 2494 virium,

51 2500 172 2577 quibus
200 2504 315 2562 anima.
345 2518 424 2564 suos
466 2506 559 2562 actus
602 2508 750 2577 exercet,
785 2503 1068 2564 enumerationem

51 2580 268 2641 deveniemus
285 2598 292 2639 ε
311 2581 592 2644 considerabimus
608 2598 690 2661 ergo
717 2584 864 2644 animam
889 2581 1001 2659 quoad
1029 2596 1070 2642 ea

51 2660 172 2737 uiribus
185 2660 254 2721 haec
268 2662 449 2723 substantia
464 2660 581 2723 dicitur
593 2658 773 2723 formaliter
785 2667 904 2723 natura
919 2661 1078 2739 quaedam.

52 2755 113 2801 seu
127 2739 329 2817 principium
353 2740 544 2812 activitatis3
570 2746 690 2802 natura
715 2740 814 2810 enim,
838 2746 876 2802 ut
896 2742 967 2820 jam
994 2742 1071 2804 alibi
1133 2803 1135 2806 .

52 2822 307 2881 memoravimus
344 2820 437 2897 (276),
475 2822 632 2895 importat
675 2820 925 2897 dispositionem
968 2826 1070 2899 atque

51 2897 254 2959 tendentiam
270 2898 354 2959 entis
378 2898 421 2959 ad
447 2905 535 2961 certo
561 2897 706 2977 quodam
731 2899 831 2961 modo
847 2900 1069 2975 operandum.

52 2978 205 3055 Denique
224 2980 255 3039 3⁰
270 2980 463 3041 exercitium
480 2978 567 3039 illius
582 2980 765 3052 activitatis,
794 2979 891 3058 cujus
910 2980 1072 3057 principia

51 3062 201 3134 proxima
216 3060 369 3135 superius
385 3060 649 3121 enumeravimus
666 3063 699 3120 et
720 3059 927 3121 distinximus
945 3062 1070 3121 intento

54 3138 158 3197 animo
171 3140 396 3214 inspiciemus.
421 3140 501 3200 Hine
525 3137 571 3197 ad
593 3138 815 3217 cognitionem
830 3139 944 3201 animae
966 3139 1072 3219 magis

55 3216 238 3279 distinctam
262 3223 296 3278 et
324 3219 519 3293 completam
543 3234 605 3297 per
631 3218 824 3282 methodum
854 3218 1010 3281 doctrinae
1029 3215 1073 3299 (2)

84 3345 118 3407 (l)
132 3344 200 3397 Vide
213 3345 240 3395 S.
255 3346 346 3397 Thom.
363 3346 466 3396 Sumne.
483 3346 595 3420 theoloy.
609 3344 633 3397 i·
646 3358 713 3459 gin.
728 3344 825 3405 75-883
840 3345 936 3405 Quaest.
959 3344 1026 3411 disp.
1040 3347 1073 3395 de

58 3407 152 3469 spirit.
166 3415 267 3467 ercat.,·
280 3409 314 3457 de
327 3409 445 3467 Arctoam·
458 3410 490 3457 de
509 3408 593 3463 Verct.
608 3422 643 3472 q.
682 3444 689 3468 ,
704 3406 796 3469 24-26;
811 3412 861 3457 ete.

84 3502 118 3565 (2)
132 3501 220 3567 Aliqui
242 3500 332 3553 ordine
345 3501 446 3553 inverso
459 3502 609 3567 procedunt,
633 3517 680 3553 seu
692 3503 726 3552 ab
751 3503 814 3567 ipsis
830 3502 994 3553 farultmibus
1013 3504 1073 3555 dili-

55 3568 142 3631 genter
155 3564 294 3630 perspectis
303 3568 441 3629 assurgunt
452 3565 486 3614 ad
498 3565 578 3629 ipsam
592 3564 728 3615 essentium
740 3564 953 3629 investigandam,
967 3565 1074 3629 ideoque

57 3626 201 3677 methodum
214 3625 367 3692 analyticam
381 3626 511 3688 adhibent,
526 3642 583 3693 quae
592 3626 667 3677 nobis
679 3626 764 3678 minus
773 3627 891 3691 expedita
903 3626 1014 3677 videtur.
