<?xml version="1.0" encoding="UTF-8"?>
<!DOCTYPE html PUBLIC "-//W3C//DTD XHTML 1.0 Transitional//EN"
    "http://www.w3.org/TR/xhtml1/DTD/xhtml1-transitional.dtd">
<html xmlns="http://www.w3.org/1999/xhtml" xml:lang="en" lang="en">
 <head>
  <title>
</title>
<meta http-equiv="Content-Type" content="text/html;charset=utf-8" />
  <meta name='ocr-system' content='tesseract 3.04.00' />
  <meta name='ocr-capabilities' content='ocr_page ocr_carea ocr_par ocr_line ocrx_word'/>
</head>
<body>
  <div class='ocr_page' id='page_1' title='image "./brevariumphilos02grangoog_0188.png"; bbox 0 0 2642 4209; ppageno 0'>
   <div class='ocr_carea' id='block_1_1' title="bbox 225 221 939 285">
    <p class='ocr_par' dir='ltr' id='par_1_1' title="bbox 225 221 939 285">
     <span class='ocr_line' id='line_1_1' title="bbox 225 221 939 285; baseline -0.001 0"><span class='ocrx_word' id='word_1_1' title='bbox 225 221 282 285; x_wconf 76' lang='lat'><strong>174</strong></span> <span class='ocrx_word' id='word_1_2' title='bbox 433 269 437 276; x_wconf 95' lang='lat'><em>.</em></span> <span class='ocrx_word' id='word_1_3' title='bbox 522 240 701 284; x_wconf 74' lang='lat' dir='ltr'><strong>sauvissima</strong></span> <span class='ocrx_word' id='word_1_4' title='bbox 733 238 939 284; x_wconf 71' lang='lat' dir='ltr'><strong>rnrxosormn</strong></span> 
     </span>
    </p>
   </div>
   <div class='ocr_carea' id='block_1_2' title="bbox 222 352 1285 434">
    <p class='ocr_par' dir='ltr' id='par_1_2' title="bbox 222 352 1285 434">
     <span class='ocr_line' id='line_1_2' title="bbox 222 352 1285 434; baseline -0.001 -18"><span class='ocrx_word' id='word_1_5' title='bbox 222 355 311 416; x_wconf 92' lang='lat' dir='ltr'><strong>tione</strong></span> <span class='ocrx_word' id='word_1_6' title='bbox 332 352 559 433; x_wconf 92' lang='lat' dir='ltr'><strong>proficiscitur.</strong></span> <span class='ocrx_word' id='word_1_7' title='bbox 582 355 755 416; x_wconf 87' lang='lat' dir='ltr'>Neminem</span> <span class='ocrx_word' id='word_1_8' title='bbox 775 371 853 416; x_wconf 86' lang='lat' dir='ltr'><strong>vero</strong></span> <span class='ocrx_word' id='word_1_9' title='bbox 874 357 956 417; x_wconf 88' lang='lat' dir='ltr'><strong>latet</strong></span> <span class='ocrx_word' id='word_1_10' title='bbox 973 355 1059 418; x_wconf 90' lang='lat' dir='ltr'><strong>ideis</strong></span> <span class='ocrx_word' id='word_1_11' title='bbox 1072 371 1158 434; x_wconf 85' lang='lat' dir='ltr'><strong>saepe</strong></span> <span class='ocrx_word' id='word_1_12' title='bbox 1171 376 1223 420; x_wconf 91' lang='lat' dir='ltr'><strong>nu·</strong></span> <span class='ocrx_word' id='word_1_13' title='bbox 1284 404 1285 415; x_wconf 70' lang='grc'>,</span> 
     </span>
    </p>
   </div>
   <div class='ocr_carea' id='block_1_3' title="bbox 219 434 1223 674">
    <p class='ocr_par' dir='ltr' id='par_1_3' title="bbox 219 434 1223 674">
     <span class='ocr_line' id='line_1_3' title="bbox 221 434 1222 513; baseline 0.004 -16"><span class='ocrx_word' id='word_1_14' title='bbox 221 452 313 497; x_wconf 91' lang='lat' dir='ltr'><strong>mero</strong></span> <span class='ocrx_word' id='word_1_15' title='bbox 336 451 398 498; x_wconf 92' lang='lat' dir='ltr'><strong>nos</strong></span> <span class='ocrx_word' id='word_1_16' title='bbox 425 434 585 505; x_wconf 50' lang='lat' dir='ltr'><strong>detineri,¹</strong></span> <span class='ocrx_word' id='word_1_17' title='bbox 601 451 741 512; x_wconf 89' lang='lat' dir='ltr'><strong>quarum</strong></span> <span class='ocrx_word' id='word_1_18' title='bbox 762 435 922 496; x_wconf 87' lang='lat' dir='ltr'><strong>vocabula</strong></span> <span class='ocrx_word' id='word_1_19' title='bbox 944 437 1077 513; x_wconf 88' lang='lat' dir='ltr'><strong>propria</strong></span> <span class='ocrx_word' id='word_1_20' title='bbox 1097 453 1154 498; x_wconf 90' lang='lat' dir='ltr'><strong>seu</strong></span> <span class='ocrx_word' id='word_1_21' title='bbox 1182 445 1222 502; x_wconf 91' lang='lat' dir='ltr'><strong>si·</strong></span> 
     </span>
     <span class='ocr_line' id='line_1_4' title="bbox 220 515 1221 594; baseline 0.003 -18"><span class='ocrx_word' id='word_1_22' title='bbox 220 531 336 594; x_wconf 82' lang='lat' dir='ltr'><strong>gnum,</strong></span> <span class='ocrx_word' id='word_1_23' title='bbox 378 516 491 576; x_wconf 91' lang='lat' dir='ltr'><strong>multis</strong></span> <span class='ocrx_word' id='word_1_24' title='bbox 524 515 662 576; x_wconf 88' lang='lat' dir='ltr'><strong>vocibus</strong></span> <span class='ocrx_word' id='word_1_25' title='bbox 691 516 879 576; x_wconf 85' lang='lat' dir='ltr'><strong>successive</strong></span> <span class='ocrx_word' id='word_1_26' title='bbox 909 519 1013 577; x_wconf 93' lang='lat' dir='ltr'><strong>menti</strong></span> <span class='ocrx_word' id='word_1_27' title='bbox 1047 520 1221 593; x_wconf 87' lang='lat' dir='ltr'><strong>propositis,</strong></span> 
     </span>
     <span class='ocr_line' id='line_1_5' title="bbox 219 594 1223 674; baseline 0.002 -17"><span class='ocrx_word' id='word_1_28' title='bbox 219 595 340 673; x_wconf 88' lang='lat' dir='ltr'><strong>perdiu</strong></span> <span class='ocrx_word' id='word_1_29' title='bbox 355 594 558 656; x_wconf 70' lang='lat' dir='ltr'><strong>infructuose</strong></span> <span class='ocrx_word' id='word_1_30' title='bbox 573 595 779 673; x_wconf 86' lang='lat' dir='ltr'><strong>inquirimus.</strong></span> <span class='ocrx_word' id='word_1_31' title='bbox 792 597 877 674; x_wconf 88' lang='lat' dir='ltr'><strong>Ergo</strong></span> <span class='ocrx_word' id='word_1_32' title='bbox 888 611 930 655; x_wconf 90' lang='lat' dir='ltr'><strong>ex</strong></span> <span class='ocrx_word' id='word_1_33' title='bbox 944 599 1016 672; x_wconf 84' lang='lat' dir='ltr'><strong>ipsa</strong></span> <span class='ocrx_word' id='word_1_34' title='bbox 1032 600 1223 674; x_wconf 70' lang='lat' dir='ltr'><strong>experientia</strong></span> 
     </span>
    </p>
   </div>
   <div class='ocr_carea' id='block_1_4' title="bbox 220 676 1287 754">
    <p class='ocr_par' dir='ltr' id='par_1_4' title="bbox 220 676 1287 754">
     <span class='ocr_line' id='line_1_6' title="bbox 220 676 1287 754; baseline 0.002 -18"><span class='ocrx_word' id='word_1_35' title='bbox 220 677 328 753; x_wconf 89' lang='lat' dir='ltr'><strong>liquet</strong></span> <span class='ocrx_word' id='word_1_36' title='bbox 348 676 517 736; x_wconf 89' lang='lat' dir='ltr'><strong>hominem</strong></span> <span class='ocrx_word' id='word_1_37' title='bbox 538 676 689 736; x_wconf 90' lang='lat' dir='ltr'><strong>absolute</strong></span> <span class='ocrx_word' id='word_1_38' title='bbox 714 679 859 753; x_wconf 91' lang='lat' dir='ltr'><strong>cogitare</strong></span> <span class='ocrx_word' id='word_1_39' title='bbox 880 693 981 752; x_wconf 87' lang='lat' dir='ltr'><strong>posse</strong></span> <span class='ocrx_word' id='word_1_40' title='bbox 995 681 1222 754; x_wconf 86' lang='lat' dir='ltr'><strong>antequarnvo·</strong></span> <span class='ocrx_word' id='word_1_41' title='bbox 1285 696 1287 751; x_wconf 71' lang='lat' dir='ltr'><strong>f</strong></span> 
     </span>
    </p>
   </div>
   <div class='ocr_carea' id='block_1_5' title="bbox 221 753 979 834">
    <p class='ocr_par' dir='ltr' id='par_1_5' title="bbox 221 753 979 834">
     <span class='ocr_line' id='line_1_7' title="bbox 221 753 979 834; baseline 0.001 -18"><span class='ocrx_word' id='word_1_42' title='bbox 221 755 338 818; x_wconf 88' lang='lat' dir='ltr'><strong>cabula</strong></span> <span class='ocrx_word' id='word_1_43' title='bbox 360 756 566 834; x_wconf 73' lang='lat' dir='ltr'><strong>cogitationis</strong></span> <span class='ocrx_word' id='word_1_44' title='bbox 588 753 826 817; x_wconf 85' lang='lat' dir='ltr'><strong>manifestativa</strong></span> <span class='ocrx_word' id='word_1_45' title='bbox 847 755 979 817; x_wconf 82' lang='lat' dir='ltr'><strong>habeat.</strong></span> 
     </span>
    </p>
   </div>
   <div class='ocr_carea' id='block_1_6' title="bbox 219 879 1221 1115">
    <p class='ocr_par' dir='ltr' id='par_1_6' title="bbox 219 879 1221 1115">
     <span class='ocr_line' id='line_1_8' title="bbox 219 879 1221 956; baseline 0.001 -15"><span class='ocrx_word' id='word_1_46' title='bbox 219 879 290 942; x_wconf 77' lang='lat'><strong>284.</strong></span> <span class='ocrx_word' id='word_1_47' title='bbox 315 914 355 924; x_wconf 94' lang='lat'>—</span> <span class='ocrx_word' id='word_1_48' title='bbox 374 881 413 939; x_wconf 95' lang='lat' dir='ltr'><strong>ll.</strong></span> <span class='ocrx_word' id='word_1_49' title='bbox 428 881 560 940; x_wconf 74' lang='lat' dir='ltr'><strong>Derecto</strong></span> <span class='ocrx_word' id='word_1_50' title='bbox 573 882 754 956; x_wconf 78' lang='lat' dir='ltr'><strong>systematis</strong></span> <span class='ocrx_word' id='word_1_51' title='bbox 767 881 957 954; x_wconf 78' lang='lat' dir='ltr'><strong>confutatio.</strong></span> <span class='ocrx_word' id='word_1_52' title='bbox 973 881 1080 941; x_wconf 76' lang='lat' dir='ltr'><strong>Tussis</strong></span> <span class='ocrx_word' id='word_1_53' title='bbox 1096 881 1117 940; x_wconf 95' lang='lat' dir='ltr'><strong>l.</strong></span> <span class='ocrx_word' id='word_1_54' title='bbox 1143 885 1221 942; x_wconf 83' lang='lat' dir='ltr'><strong>ideu-</strong></span> 
     </span>
     <span class='ocr_line' id='line_1_9' title="bbox 253 960 1216 1037; baseline 0.002 -19"><span class='ocrx_word' id='word_1_55' title='bbox 253 975 328 1018; x_wconf 83' lang='lat' dir='ltr'><strong>runt</strong></span> <span class='ocrx_word' id='word_1_56' title='bbox 355 960 589 1020; x_wconf 77' lang='lat' dir='ltr'><strong>universalium</strong></span> <span class='ocrx_word' id='word_1_57' title='bbox 600 961 728 1035; x_wconf 78' lang='lat' dir='ltr'><strong>adeptio</strong></span> <span class='ocrx_word' id='word_1_58' title='bbox 750 977 766 1020; x_wconf 87' lang='lat' dir='ltr'><strong>e</strong></span> <span class='ocrx_word' id='word_1_59' title='bbox 791 976 938 1021; x_wconf 84' lang='lat' dir='ltr'><strong>sermone</strong></span> <span class='ocrx_word' id='word_1_60' title='bbox 951 961 1095 1021; x_wconf 83' lang='lat' dir='ltr'><strong>obsolute</strong></span> <span class='ocrx_word' id='word_1_61' title='bbox 1108 963 1216 1037; x_wconf 81' lang='lat' dir='ltr'><strong>etptp·</strong></span> 
     </span>
     <span class='ocr_line' id='line_1_10' title="bbox 261 1042 539 1115; baseline -0.011 -15"><span class='ocrx_word' id='word_1_62' title='bbox 261 1042 325 1100; x_wconf 75' lang='lat' dir='ltr'><strong>sice</strong></span> <span class='ocrx_word' id='word_1_63' title='bbox 339 1056 402 1099; x_wconf 83' lang='lat' dir='ltr'><strong>ooo</strong></span> <span class='ocrx_word' id='word_1_64' title='bbox 416 1043 539 1115; x_wconf 78' lang='lat' dir='ltr'><strong>pendet.</strong></span> 
     </span>
    </p>
   </div>
   <div class='ocr_carea' id='block_1_7' title="bbox 261 1152 1288 1233">
    <p class='ocr_par' dir='ltr' id='par_1_7' title="bbox 261 1152 1288 1233">
     <span class='ocr_line' id='line_1_11' title="bbox 261 1152 1288 1233; baseline 0.004 -21"><span class='ocrx_word' id='word_1_65' title='bbox 261 1152 357 1213; x_wconf 86' lang='lat' dir='ltr'><strong>Prob.</strong></span> <span class='ocrx_word' id='word_1_66' title='bbox 374 1154 517 1230; x_wconf 89' lang='lat' dir='ltr'><strong>Loquela</strong></span> <span class='ocrx_word' id='word_1_67' title='bbox 533 1157 660 1213; x_wconf 90' lang='lat' dir='ltr'><strong>constat</strong></span> <span class='ocrx_word' id='word_1_68' title='bbox 673 1153 775 1233; x_wconf 90' lang='lat' dir='ltr'><strong>signis</strong></span> <span class='ocrx_word' id='word_1_69' title='bbox 787 1153 962 1214; x_wconf 75' lang='lat' dir='ltr'><strong>arbitionis</strong></span> <span class='ocrx_word' id='word_1_70' title='bbox 972 1152 1046 1233; x_wconf 73' lang='lat'><strong>(26),</strong></span> <span class='ocrx_word' id='word_1_71' title='bbox 1060 1162 1222 1230; x_wconf 84' lang='lat' dir='ltr'><strong>quaepacto</strong></span> <span class='ocrx_word' id='word_1_72' title='bbox 1286 1174 1288 1207; x_wconf 78' lang='grc' dir='ltr'>ε</span> 
     </span>
    </p>
   </div>
   <div class='ocr_carea' id='block_1_8' title="bbox 213 1231 1223 1710">
    <p class='ocr_par' dir='ltr' id='par_1_8' title="bbox 213 1231 1223 1710">
     <span class='ocr_line' id='line_1_12' title="bbox 220 1231 1223 1314; baseline 0.005 -23"><span class='ocrx_word' id='word_1_73' title='bbox 220 1233 366 1309; x_wconf 88' lang='lat' dir='ltr'><strong>quodam</strong></span> <span class='ocrx_word' id='word_1_74' title='bbox 381 1235 520 1310; x_wconf 91' lang='lat' dir='ltr'><strong>propriis</strong></span> <span class='ocrx_word' id='word_1_75' title='bbox 535 1231 724 1311; x_wconf 86' lang='lat' dir='ltr'><strong>significatis</strong></span> <span class='ocrx_word' id='word_1_76' title='bbox 739 1234 984 1306; x_wconf 83' lang='lat' dir='ltr'><strong>adscribuntur3</strong></span> <span class='ocrx_word' id='word_1_77' title='bbox 1000 1237 1090 1310; x_wconf 91' lang='lat' dir='ltr'><strong>atqui</strong></span> <span class='ocrx_word' id='word_1_78' title='bbox 1104 1233 1223 1314; x_wconf 89' lang='lat' dir='ltr'><strong>signum</strong></span> 
     </span>
     <span class='ocr_line' id='line_1_13' title="bbox 220 1309 1221 1392; baseline 0.004 -21"><span class='ocrx_word' id='word_1_79' title='bbox 220 1309 386 1374; x_wconf 83' lang='lat' dir='ltr'><strong>artificiale</strong></span> <span class='ocrx_word' id='word_1_80' title='bbox 408 1329 476 1373; x_wconf 94' lang='lat' dir='ltr'><strong>non</strong></span> <span class='ocrx_word' id='word_1_81' title='bbox 510 1317 620 1389; x_wconf 83' lang='lat' dir='ltr'><strong>potest</strong></span> <span class='ocrx_word' id='word_1_82' title='bbox 646 1312 757 1374; x_wconf 90' lang='lat' dir='ltr'><strong>ideam</strong></span> <span class='ocrx_word' id='word_1_83' title='bbox 787 1316 834 1375; x_wconf 86' lang='lat' dir='ltr'><strong>rei</strong></span> <span class='ocrx_word' id='word_1_84' title='bbox 869 1313 1055 1392; x_wconf 77' lang='lat' dir='ltr'><strong>significate</strong></span> <span class='ocrx_word' id='word_1_85' title='bbox 1084 1329 1221 1389; x_wconf 87' lang='lat' dir='ltr'><strong>evocare,</strong></span> 
     </span>
     <span class='ocr_line' id='line_1_14' title="bbox 218 1391 1223 1472; baseline 0.004 -20"><span class='ocrx_word' id='word_1_86' title='bbox 218 1391 281 1452; x_wconf 91' lang='lat' dir='ltr'><strong>nisi</strong></span> <span class='ocrx_word' id='word_1_87' title='bbox 302 1393 336 1452; x_wconf 93' lang='lat' dir='ltr'><strong>in</strong></span> <span class='ocrx_word' id='word_1_88' title='bbox 358 1408 397 1452; x_wconf 91' lang='lat' dir='ltr'><strong>eo</strong></span> <span class='ocrx_word' id='word_1_89' title='bbox 421 1393 475 1468; x_wconf 90' lang='lat' dir='ltr'><strong>qui</strong></span> <span class='ocrx_word' id='word_1_90' title='bbox 491 1391 709 1471; x_wconf 82' lang='lat' dir='ltr'><strong>significatum</strong></span> <span class='ocrx_word' id='word_1_91' title='bbox 718 1394 789 1472; x_wconf 85' lang='lat' dir='ltr'><strong>jam</strong></span> <span class='ocrx_word' id='word_1_92' title='bbox 806 1395 981 1472; x_wconf 89' lang='lat' dir='ltr'><strong>cognovit:</strong></span> <span class='ocrx_word' id='word_1_93' title='bbox 1000 1398 1089 1454; x_wconf 89' lang='lat' dir='ltr'><strong>esset</strong></span> <span class='ocrx_word' id='word_1_94' title='bbox 1111 1397 1223 1456; x_wconf 86' lang='lat' dir='ltr'><strong>tantum</strong></span> 
     </span>
     <span class='ocr_line' id='line_1_15' title="bbox 218 1473 1222 1552; baseline 0.004 -20"><span class='ocrx_word' id='word_1_95' title='bbox 218 1485 320 1532; x_wconf 90' lang='lat' dir='ltr'><strong>sonus</strong></span> <span class='ocrx_word' id='word_1_96' title='bbox 340 1488 475 1543; x_wconf 85' lang='lat' dir='ltr'><strong>vacuus,</strong></span> <span class='ocrx_word' id='word_1_97' title='bbox 499 1475 554 1549; x_wconf 90' lang='lat' dir='ltr'><strong>qui</strong></span> <span class='ocrx_word' id='word_1_98' title='bbox 578 1488 705 1534; x_wconf 91' lang='lat' dir='ltr'><strong>meram</strong></span> <span class='ocrx_word' id='word_1_99' title='bbox 719 1476 943 1534; x_wconf 87' lang='lat' dir='ltr'><strong>sensationem</strong></span> <span class='ocrx_word' id='word_1_100' title='bbox 964 1474 1072 1534; x_wconf 93' lang='lat' dir='ltr'><strong>solum</strong></span> <span class='ocrx_word' id='word_1_101' title='bbox 1095 1473 1222 1552; x_wconf 85' lang='lat' dir='ltr'><strong>gignere</strong></span> 
     </span>
     <span class='ocr_line' id='line_1_16' title="bbox 213 1551 1221 1632; baseline 0.004 -21"><span class='ocrx_word' id='word_1_102' title='bbox 213 1552 349 1617; x_wconf 84' lang='lat' dir='ltr'><strong>valeret.</strong></span> <span class='ocrx_word' id='word_1_103' title='bbox 382 1553 466 1631; x_wconf 88' lang='lat' dir='ltr'><strong>Ergo</strong></span> <span class='ocrx_word' id='word_1_104' title='bbox 489 1552 627 1612; x_wconf 85' lang='lat' dir='ltr'><strong>verbum</strong></span> <span class='ocrx_word' id='word_1_105' title='bbox 645 1567 780 1630; x_wconf 89' lang='lat' dir='ltr'><strong>semper</strong></span> <span class='ocrx_word' id='word_1_106' title='bbox 800 1553 956 1614; x_wconf 83' lang='lat' dir='ltr'><strong>subaudit</strong></span> <span class='ocrx_word' id='word_1_107' title='bbox 976 1555 1026 1614; x_wconf 92' lang='lat' dir='ltr'><strong>sui</strong></span> <span class='ocrx_word' id='word_1_108' title='bbox 1048 1551 1221 1632; x_wconf 88' lang='lat' dir='ltr'><strong>significati,</strong></span> 
     </span>
     <span class='ocr_line' id='line_1_17' title="bbox 215 1630 698 1710; baseline 0.004 -18"><span class='ocrx_word' id='word_1_109' title='bbox 215 1630 250 1693; x_wconf 90' lang='lat' dir='ltr'><strong>id</strong></span> <span class='ocrx_word' id='word_1_110' title='bbox 272 1631 369 1693; x_wconf 90' lang='lat' dir='ltr'><strong>estid</strong></span> <span class='ocrx_word' id='word_1_111' title='bbox 384 1648 439 1702; x_wconf 80' lang='lat' dir='ltr'><strong>eae,</strong></span> <span class='ocrx_word' id='word_1_112' title='bbox 464 1631 698 1710; x_wconf 80' lang='lat' dir='ltr'><strong>cognitionem.</strong></span> 
     </span>
    </p>
   </div>
   <div class='ocr_carea' id='block_1_9' title="bbox 256 1710 1289 1788">
    <p class='ocr_par' dir='ltr' id='par_1_9' title="bbox 256 1710 1289 1788">
     <span class='ocr_line' id='line_1_18' title="bbox 256 1710 1289 1788; baseline 0.003 -16"><span class='ocrx_word' id='word_1_113' title='bbox 256 1713 365 1787; x_wconf 82' lang='lat' dir='ltr'><strong>Major</strong></span> <span class='ocrx_word' id='word_1_114' title='bbox 378 1712 412 1770; x_wconf 92' lang='lat' dir='ltr'><strong>in</strong></span> <span class='ocrx_word' id='word_1_115' title='bbox 436 1711 572 1772; x_wconf 90' lang='lat' dir='ltr'><strong>dubium</strong></span> <span class='ocrx_word' id='word_1_116' title='bbox 593 1713 741 1774; x_wconf 88' lang='lat' dir='ltr'><strong>revocari</strong></span> <span class='ocrx_word' id='word_1_117' title='bbox 759 1714 899 1788; x_wconf 86' lang='lat' dir='ltr'><strong>nequit:</strong></span> <span class='ocrx_word' id='word_1_118' title='bbox 916 1712 1077 1773; x_wconf 89' lang='lat' dir='ltr'><strong>vocabula</strong></span> <span class='ocrx_word' id='word_1_119' title='bbox 1092 1714 1176 1773; x_wconf 91' lang='lat' dir='ltr'><strong>enim</strong></span> <span class='ocrx_word' id='word_1_120' title='bbox 1194 1716 1222 1774; x_wconf 95' lang='lat' dir='ltr'><strong>in</strong></span> <span class='ocrx_word' id='word_1_121' title='bbox 1287 1710 1289 1724; x_wconf 93' lang='lat'>&#39;</span> 
     </span>
    </p>
   </div>
   <div class='ocr_carea' id='block_1_10' title="bbox 217 1789 1223 2042">
    <p class='ocr_par' dir='ltr' id='par_1_10' title="bbox 217 1789 1223 2042">
     <span class='ocr_line' id='line_1_19' title="bbox 219 1789 1223 1870; baseline 0.001 -20"><span class='ocrx_word' id='word_1_122' title='bbox 219 1789 358 1852; x_wconf 86' lang='lat' dir='ltr'><strong>diversis</strong></span> <span class='ocrx_word' id='word_1_123' title='bbox 379 1791 499 1869; x_wconf 92' lang='lat' dir='ltr'><strong>linguis</strong></span> <span class='ocrx_word' id='word_1_124' title='bbox 529 1799 606 1854; x_wconf 89' lang='lat' dir='ltr'><strong>sunt</strong></span> <span class='ocrx_word' id='word_1_125' title='bbox 639 1793 773 1855; x_wconf 90' lang='lat' dir='ltr'><strong>omnino</strong></span> <span class='ocrx_word' id='word_1_126' title='bbox 811 1791 949 1863; x_wconf 83' lang='lat' dir='ltr'><strong>diversa,</strong></span> <span class='ocrx_word' id='word_1_127' title='bbox 981 1797 1083 1870; x_wconf 88' lang='lat' dir='ltr'><strong>atque</strong></span> <span class='ocrx_word' id='word_1_128' title='bbox 1110 1792 1223 1852; x_wconf 88' lang='lat' dir='ltr'><strong>nullam</strong></span> 
     </span>
     <span class='ocr_line' id='line_1_20' title="bbox 217 1868 1223 1950; baseline 0 -17"><span class='ocrx_word' id='word_1_129' title='bbox 217 1868 324 1933; x_wconf 85' lang='lat' dir='ltr'><strong>ideam</strong></span> <span class='ocrx_word' id='word_1_130' title='bbox 348 1872 492 1932; x_wconf 81' lang='lat' dir='ltr'><strong>excitant</strong></span> <span class='ocrx_word' id='word_1_131' title='bbox 512 1871 546 1931; x_wconf 94' lang='lat' dir='ltr'><strong>in</strong></span> <span class='ocrx_word' id='word_1_132' title='bbox 571 1873 610 1932; x_wconf 91' lang='lat' dir='ltr'><strong>iis</strong></span> <span class='ocrx_word' id='word_1_133' title='bbox 635 1875 691 1948; x_wconf 89' lang='lat' dir='ltr'><strong>qui</strong></span> <span class='ocrx_word' id='word_1_134' title='bbox 714 1873 910 1950; x_wconf 83' lang='lat' dir='ltr'><strong>particulare</strong></span> <span class='ocrx_word' id='word_1_135' title='bbox 933 1871 1056 1932; x_wconf 90' lang='lat' dir='ltr'><strong>idioma</strong></span> <span class='ocrx_word' id='word_1_136' title='bbox 1077 1870 1121 1931; x_wconf 90' lang='lat' dir='ltr'><strong>ad</strong></span> <span class='ocrx_word' id='word_1_137' title='bbox 1144 1872 1223 1949; x_wconf 90' lang='lat' dir='ltr'><strong>quod</strong></span> 
     </span>
     <span class='ocr_line' id='line_1_21' title="bbox 219 1950 1223 2042; baseline 0.003 -33"><span class='ocrx_word' id='word_1_138' title='bbox 219 1950 294 2042; x_wconf 71' lang='lat' dir='ltr'><strong>haec</strong></span> <span class='ocrx_word' id='word_1_139' title='bbox 314 1951 493 2028; x_wconf 89' lang='lat' dir='ltr'><strong>pertinent,</strong></span> <span class='ocrx_word' id='word_1_140' title='bbox 517 1967 584 2012; x_wconf 93' lang='lat' dir='ltr'><strong>non</strong></span> <span class='ocrx_word' id='word_1_141' title='bbox 601 1954 747 2029; x_wconf 89' lang='lat' dir='ltr'><strong>capiunt;</strong></span> <span class='ocrx_word' id='word_1_142' title='bbox 769 1950 912 2028; x_wconf 89' lang='lat' dir='ltr'><strong>ideoque</strong></span> <span class='ocrx_word' id='word_1_143' title='bbox 937 1956 1015 2012; x_wconf 92' lang='lat' dir='ltr'><strong>sunt</strong></span> <span class='ocrx_word' id='word_1_144' title='bbox 1035 1953 1131 2029; x_wconf 90' lang='lat' dir='ltr'><strong>signa</strong></span> <span class='ocrx_word' id='word_1_145' title='bbox 1149 1952 1223 2012; x_wconf 92' lang='lat' dir='ltr'><strong>arbi-</strong></span> 
     </span>
    </p>
   </div>
   <div class='ocr_carea' id='block_1_11' title="bbox 219 2031 1290 2190">
    <p class='ocr_par' dir='ltr' id='par_1_11' title="bbox 219 2031 1290 2190">
     <span class='ocr_line' id='line_1_22' title="bbox 220 2031 1290 2108; baseline 0.003 -19"><span class='ocrx_word' id='word_1_146' title='bbox 220 2035 329 2101; x_wconf 80' lang='lat' dir='ltr'><strong>traria,</strong></span> <span class='ocrx_word' id='word_1_147' title='bbox 354 2045 428 2108; x_wconf 82' lang='lat' dir='ltr'><strong>quae</strong></span> <span class='ocrx_word' id='word_1_148' title='bbox 451 2047 572 2108; x_wconf 86' lang='lat' dir='ltr'><strong>nempe</strong></span> <span class='ocrx_word' id='word_1_149' title='bbox 594 2047 669 2092; x_wconf 90' lang='lat' dir='ltr'><strong>cum</strong></span> <span class='ocrx_word' id='word_1_150' title='bbox 686 2031 900 2108; x_wconf 88' lang='lat' dir='ltr'><strong>conceptibus</strong></span> <span class='ocrx_word' id='word_1_151' title='bbox 914 2033 1039 2093; x_wconf 89' lang='lat' dir='ltr'><strong>nullam</strong></span> <span class='ocrx_word' id='word_1_152' title='bbox 1054 2031 1223 2092; x_wconf 74' lang='lat' dir='ltr'><strong>naturalem</strong></span> <span class='ocrx_word' id='word_1_153' title='bbox 1288 2096 1290 2103; x_wconf 69' lang='grc'>,</span> 
     </span>
     <span class='ocr_line' id='line_1_23' title="bbox 219 2106 1290 2190; baseline 0.003 -21"><span class='ocrx_word' id='word_1_154' title='bbox 219 2110 379 2172; x_wconf 88' lang='lat' dir='ltr'><strong>relatione</strong></span> <span class='ocrx_word' id='word_1_155' title='bbox 401 2111 535 2181; x_wconf 89' lang='lat' dir='ltr'><strong>habent,</strong></span> <span class='ocrx_word' id='word_1_156' title='bbox 563 2111 623 2172; x_wconf 88' lang='lat' dir='ltr'><strong>etsi</strong></span> <span class='ocrx_word' id='word_1_157' title='bbox 656 2112 789 2190; x_wconf 88' lang='lat' dir='ltr'><strong>loquela</strong></span> <span class='ocrx_word' id='word_1_158' title='bbox 813 2114 997 2190; x_wconf 85' lang='lat' dir='ltr'><strong>generatim</strong></span> <span class='ocrx_word' id='word_1_159' title='bbox 1022 2117 1168 2188; x_wconf 87' lang='lat' dir='ltr'><strong>spectata</strong></span> <span class='ocrx_word' id='word_1_160' title='bbox 1188 2109 1223 2171; x_wconf 89' lang='lat' dir='ltr'><strong>sit</strong></span> <span class='ocrx_word' id='word_1_161' title='bbox 1288 2106 1290 2159; x_wconf 69' lang='grc' dir='ltr'><strong>ἶ</strong></span> 
     </span>
    </p>
   </div>
   <div class='ocr_carea' id='block_1_12' title="bbox 215 2191 1231 3547">
    <p class='ocr_par' dir='ltr' id='par_1_12' title="bbox 215 2191 825 2268">
     <span class='ocr_line' id='line_1_24' title="bbox 215 2191 825 2268; baseline 0.003 -17"><span class='ocrx_word' id='word_1_162' title='bbox 215 2191 317 2252; x_wconf 86' lang='lat' dir='ltr'><strong>veluti</strong></span> <span class='ocrx_word' id='word_1_163' title='bbox 339 2192 489 2252; x_wconf 88' lang='lat' dir='ltr'><strong>naturale</strong></span> <span class='ocrx_word' id='word_1_164' title='bbox 509 2194 642 2268; x_wconf 90' lang='lat' dir='ltr'><strong>signum</strong></span> <span class='ocrx_word' id='word_1_165' title='bbox 664 2191 825 2253; x_wconf 86' lang='lat' dir='ltr'><strong>idearum.</strong></span> 
     </span>
    </p>

    <p class='ocr_par' dir='ltr' id='par_1_13' title="bbox 216 2269 1224 2973">
     <span class='ocr_line' id='line_1_25' title="bbox 258 2269 1221 2350; baseline 0.002 -20"><span class='ocrx_word' id='word_1_166' title='bbox 258 2272 368 2330; x_wconf 79' lang='lat' dir='ltr'><strong>Minor</strong></span> <span class='ocrx_word' id='word_1_167' title='bbox 395 2272 490 2332; x_wconf 89' lang='lat' dir='ltr'><strong>etiam</strong></span> <span class='ocrx_word' id='word_1_168' title='bbox 520 2278 570 2332; x_wconf 88' lang='lat' dir='ltr'><strong>est</strong></span> <span class='ocrx_word' id='word_1_169' title='bbox 595 2271 803 2333; x_wconf 89' lang='lat' dir='ltr'><strong>inconcussa.</strong></span> <span class='ocrx_word' id='word_1_170' title='bbox 834 2272 971 2350; x_wconf 87' lang='lat' dir='ltr'><strong>Signum</strong></span> <span class='ocrx_word' id='word_1_171' title='bbox 999 2269 1221 2348; x_wconf 84' lang='lat' dir='ltr'><strong>quodcumque</strong></span> 
     </span>
     <span class='ocr_line' id='line_1_26' title="bbox 219 2349 1221 2429; baseline 0 -19"><span class='ocrx_word' id='word_1_172' title='bbox 219 2354 337 2428; x_wconf 82' lang='lat' dir='ltr'><strong>suapte</strong></span> <span class='ocrx_word' id='word_1_173' title='bbox 359 2357 474 2412; x_wconf 88' lang='lat' dir='ltr'><strong>natura</strong></span> <span class='ocrx_word' id='word_1_174' title='bbox 511 2349 662 2412; x_wconf 85' lang='lat' dir='ltr'><strong>ordinem</strong></span> <span class='ocrx_word' id='word_1_175' title='bbox 689 2353 824 2414; x_wconf 89' lang='lat' dir='ltr'><strong>involvit</strong></span> <span class='ocrx_word' id='word_1_176' title='bbox 851 2353 894 2414; x_wconf 88' lang='lat' dir='ltr'><strong>ad</strong></span> <span class='ocrx_word' id='word_1_177' title='bbox 915 2368 987 2413; x_wconf 88' lang='lat' dir='ltr'><strong>rem</strong></span> <span class='ocrx_word' id='word_1_178' title='bbox 1005 2349 1221 2429; x_wconf 85' lang='lat' dir='ltr'><strong>significatam,</strong></span> 
     </span>
     <span class='ocr_line' id='line_1_27' title="bbox 217 2430 1221 2508; baseline -0.002 -17"><span class='ocrx_word' id='word_1_179' title='bbox 217 2447 317 2507; x_wconf 86' lang='lat' dir='ltr'><strong>quam</strong></span> <span class='ocrx_word' id='word_1_180' title='bbox 338 2431 526 2492; x_wconf 88' lang='lat' dir='ltr'><strong>necessario</strong></span> <span class='ocrx_word' id='word_1_181' title='bbox 549 2430 729 2492; x_wconf 88' lang='lat' dir='ltr'><strong>subaudit:</strong></span> <span class='ocrx_word' id='word_1_182' title='bbox 747 2432 881 2507; x_wconf 88' lang='lat' dir='ltr'><strong>dempta</strong></span> <span class='ocrx_word' id='word_1_183' title='bbox 894 2432 956 2493; x_wconf 92' lang='lat' dir='ltr'><strong>hac</strong></span> <span class='ocrx_word' id='word_1_184' title='bbox 971 2432 1143 2501; x_wconf 86' lang='lat' dir='ltr'><strong>relatione,</strong></span> <span class='ocrx_word' id='word_1_185' title='bbox 1165 2447 1221 2508; x_wconf 87' lang='lat' dir='ltr'><strong>qua</strong></span> 
     </span>
     <span class='ocr_line' id='line_1_28' title="bbox 216 2508 1220 2588; baseline -0.002 -17"><span class='ocrx_word' id='word_1_186' title='bbox 216 2508 395 2571; x_wconf 86' lang='lat' dir='ltr'><strong>formaliter</strong></span> <span class='ocrx_word' id='word_1_187' title='bbox 418 2513 623 2573; x_wconf 86' lang='lat' dir='ltr'><strong>constituitur</strong></span> <span class='ocrx_word' id='word_1_188' title='bbox 644 2514 787 2588; x_wconf 87' lang='lat' dir='ltr'><strong>signnm,</strong></span> <span class='ocrx_word' id='word_1_189' title='bbox 809 2517 999 2574; x_wconf 87' lang='lat' dir='ltr'><strong>remaneret</strong></span> <span class='ocrx_word' id='word_1_190' title='bbox 1021 2510 1178 2571; x_wconf 82' lang='lat' dir='ltr'><strong>duntaxat</strong></span> <span class='ocrx_word' id='word_1_191' title='bbox 1193 2512 1220 2570; x_wconf 94' lang='lat' dir='ltr'><strong>in</strong></span> 
     </span>
     <span class='ocr_line' id='line_1_29' title="bbox 219 2589 1221 2670; baseline -0.001 -20"><span class='ocrx_word' id='word_1_192' title='bbox 219 2607 298 2651; x_wconf 88' lang='lat' dir='ltr'><strong>casu</strong></span> <span class='ocrx_word' id='word_1_193' title='bbox 312 2593 462 2666; x_wconf 89' lang='lat' dir='ltr'><strong>praesenti</strong></span> <span class='ocrx_word' id='word_1_194' title='bbox 476 2606 577 2652; x_wconf 90' lang='lat' dir='ltr'><strong>sonus</strong></span> <span class='ocrx_word' id='word_1_195' title='bbox 592 2594 649 2652; x_wconf 91' lang='lat' dir='ltr'><strong>aut</strong></span> <span class='ocrx_word' id='word_1_196' title='bbox 660 2593 793 2654; x_wconf 91' lang='lat' dir='ltr'><strong>clamor.</strong></span> <span class='ocrx_word' id='word_1_197' title='bbox 807 2595 920 2670; x_wconf 87' lang='lat' dir='ltr'><strong>ltaque</strong></span> <span class='ocrx_word' id='word_1_198' title='bbox 935 2609 993 2668; x_wconf 92' lang='lat' dir='ltr'><strong>pro</strong></span> <span class='ocrx_word' id='word_1_199' title='bbox 1005 2591 1044 2650; x_wconf 91' lang='lat' dir='ltr'><strong>iis</strong></span> <span class='ocrx_word' id='word_1_200' title='bbox 1057 2592 1113 2667; x_wconf 88' lang='lat' dir='ltr'><strong>qui</strong></span> <span class='ocrx_word' id='word_1_201' title='bbox 1123 2589 1221 2651; x_wconf 92' lang='lat' dir='ltr'><strong>ideam</strong></span> 
     </span>
     <span class='ocr_line' id='line_1_30' title="bbox 217 2670 1222 2748; baseline -0.003 -17"><span class='ocrx_word' id='word_1_202' title='bbox 217 2670 280 2731; x_wconf 93' lang='lat' dir='ltr'><strong>hoo</strong></span> <span class='ocrx_word' id='word_1_203' title='bbox 302 2671 397 2748; x_wconf 89' lang='lat' dir='ltr'><strong>signo</strong></span> <span class='ocrx_word' id='word_1_204' title='bbox 421 2685 612 2747; x_wconf 85' lang='lat' dir='ltr'><strong>expressam</strong></span> <span class='ocrx_word' id='word_1_205' title='bbox 627 2672 718 2748; x_wconf 92' lang='lat' dir='ltr'><strong>prius</strong></span> <span class='ocrx_word' id='word_1_206' title='bbox 741 2686 808 2733; x_wconf 92' lang='lat' dir='ltr'><strong>non</strong></span> <span class='ocrx_word' id='word_1_207' title='bbox 824 2674 996 2740; x_wconf 85' lang='lat' dir='ltr'><strong>haberent,</strong></span> <span class='ocrx_word' id='word_1_208' title='bbox 1012 2671 1152 2732; x_wconf 87' lang='lat' dir='ltr'><strong>verbum</strong></span> <span class='ocrx_word' id='word_1_209' title='bbox 1164 2684 1222 2731; x_wconf 93' lang='lat' dir='ltr'><strong>non</strong></span> 
     </span>
     <span class='ocr_line' id='line_1_31' title="bbox 220 2745 1223 2830; baseline -0.002 -19"><span class='ocrx_word' id='word_1_210' title='bbox 220 2755 308 2811; x_wconf 86' lang='lat' dir='ltr'><strong>esset</strong></span> <span class='ocrx_word' id='word_1_211' title='bbox 322 2753 465 2830; x_wconf 86' lang='lat' dir='ltr'><strong>signum.</strong></span> <span class='ocrx_word' id='word_1_212' title='bbox 479 2745 539 2812; x_wconf 87' lang='lat' dir='ltr'><strong>sed</strong></span> <span class='ocrx_word' id='word_1_213' title='bbox 553 2767 655 2812; x_wconf 87' lang='lat' dir='ltr'><strong>sonus</strong></span> <span class='ocrx_word' id='word_1_214' title='bbox 671 2755 728 2812; x_wconf 88' lang='lat' dir='ltr'><strong>aut</strong></span> <span class='ocrx_word' id='word_1_215' title='bbox 742 2752 874 2812; x_wconf 88' lang='lat' dir='ltr'><strong>clamor.</strong></span> <span class='ocrx_word' id='word_1_216' title='bbox 890 2755 974 2830; x_wconf 89' lang='lat' dir='ltr'><strong>Ergo</strong></span> <span class='ocrx_word' id='word_1_217' title='bbox 990 2751 1125 2828; x_wconf 90' lang='lat' dir='ltr'><strong>loquela</strong></span> <span class='ocrx_word' id='word_1_218' title='bbox 1140 2748 1223 2810; x_wconf 87' lang='lat' dir='ltr'><strong>ideas</strong></span> 
     </span>
     <span class='ocr_line' id='line_1_32' title="bbox 219 2831 1224 2910; baseline 0 -21"><span class='ocrx_word' id='word_1_219' title='bbox 219 2845 286 2891; x_wconf 93' lang='lat' dir='ltr'><strong>non</strong></span> <span class='ocrx_word' id='word_1_220' title='bbox 308 2831 425 2908; x_wconf 88' lang='lat' dir='ltr'><strong>gignit,</strong></span> <span class='ocrx_word' id='word_1_221' title='bbox 442 2832 504 2893; x_wconf 90' lang='lat' dir='ltr'><strong>nisi</strong></span> <span class='ocrx_word' id='word_1_222' title='bbox 519 2831 600 2892; x_wconf 88' lang='lat' dir='ltr'><strong>iniis</strong></span> <span class='ocrx_word' id='word_1_223' title='bbox 616 2833 673 2908; x_wconf 87' lang='lat' dir='ltr'><strong>qui</strong></span> <span class='ocrx_word' id='word_1_224' title='bbox 684 2832 756 2910; x_wconf 80' lang='lat' dir='ltr'><strong>jam</strong></span> <span class='ocrx_word' id='word_1_225' title='bbox 771 2832 879 2910; x_wconf 91' lang='lat' dir='ltr'><strong>aliquo</strong></span> <span class='ocrx_word' id='word_1_226' title='bbox 902 2831 1002 2892; x_wconf 91' lang='lat' dir='ltr'><strong>modo</strong></span> <span class='ocrx_word' id='word_1_227' title='bbox 1028 2831 1224 2908; x_wconf 89' lang='lat' dir='ltr'><strong>cognoscunt</strong></span> 
     </span>
     <span class='ocr_line' id='line_1_33' title="bbox 216 2908 1223 2973; baseline -0.002 -3"><span class='ocrx_word' id='word_1_228' title='bbox 216 2909 397 2970; x_wconf 86' lang='lat' dir='ltr'><strong>relationes</strong></span> <span class='ocrx_word' id='word_1_229' title='bbox 420 2913 531 2972; x_wconf 89' lang='lat' dir='ltr'><strong>talium</strong></span> <span class='ocrx_word' id='word_1_230' title='bbox 557 2912 793 2973; x_wconf 86' lang='lat' dir='ltr'><strong>vocabulorum</strong></span> <span class='ocrx_word' id='word_1_231' title='bbox 813 2912 856 2973; x_wconf 88' lang='lat' dir='ltr'><strong>ad</strong></span> <span class='ocrx_word' id='word_1_232' title='bbox 879 2910 1114 2972; x_wconf 84' lang='lat' dir='ltr'><strong>determinatas</strong></span> <span class='ocrx_word' id='word_1_233' title='bbox 1128 2908 1223 2970; x_wconf 86' lang='lat' dir='ltr'><strong>ideas.</strong></span> 
     </span>
    </p>

    <p class='ocr_par' dir='ltr' id='par_1_14' title="bbox 216 2987 1225 3148">
     <span class='ocr_line' id='line_1_34' title="bbox 262 2987 1225 3070; baseline -0.002 -20"><span class='ocrx_word' id='word_1_234' title='bbox 262 2987 431 3052; x_wconf 83' lang='lat' dir='ltr'><strong>Manifesta</strong></span> <span class='ocrx_word' id='word_1_235' title='bbox 468 3008 548 3070; x_wconf 90' lang='lat' dir='ltr'><strong>ergo</strong></span> <span class='ocrx_word' id='word_1_236' title='bbox 571 2997 710 3067; x_wconf 89' lang='lat' dir='ltr'><strong>apparet</strong></span> <span class='ocrx_word' id='word_1_237' title='bbox 735 3007 803 3052; x_wconf 93' lang='lat' dir='ltr'><strong>non</strong></span> <span class='ocrx_word' id='word_1_238' title='bbox 833 2992 927 3054; x_wconf 91' lang='lat' dir='ltr'><strong>ideas</strong></span> <span class='ocrx_word' id='word_1_239' title='bbox 957 3007 1018 3068; x_wconf 90' lang='lat' dir='ltr'><strong>per</strong></span> <span class='ocrx_word' id='word_1_240' title='bbox 1048 2991 1143 3068; x_wconf 89' lang='lat' dir='ltr'><strong>signa</strong></span> <span class='ocrx_word' id='word_1_241' title='bbox 1172 2987 1225 3049; x_wconf 89' lang='lat' dir='ltr'><strong>sed</strong></span> 
     </span>
     <span class='ocr_line' id='line_1_35' title="bbox 216 3067 792 3148; baseline 0.002 -19"><span class='ocrx_word' id='word_1_242' title='bbox 216 3067 311 3148; x_wconf 84' lang='lat' dir='ltr'><strong>signa</strong></span> <span class='ocrx_word' id='word_1_243' title='bbox 332 3085 393 3146; x_wconf 92' lang='lat' dir='ltr'><strong>per</strong></span> <span class='ocrx_word' id='word_1_244' title='bbox 406 3069 498 3132; x_wconf 87' lang='lat' dir='ltr'><strong>ideas</strong></span> <span class='ocrx_word' id='word_1_245' title='bbox 519 3070 659 3148; x_wconf 89' lang='lat' dir='ltr'><strong>intelligi</strong></span> <span class='ocrx_word' id='word_1_246' title='bbox 681 3086 792 3147; x_wconf 90' lang='lat' dir='ltr'><strong>posse.</strong></span> 
     </span>
    </p>

    <p class='ocr_par' dir='ltr' id='par_1_15' title="bbox 218 3149 1229 3386">
     <span class='ocr_line' id='line_1_36' title="bbox 257 3149 1227 3229; baseline -0.004 -18"><span class='ocrx_word' id='word_1_247' title='bbox 257 3149 327 3211; x_wconf 77' lang='lat'><strong>285.</strong></span> <span class='ocrx_word' id='word_1_248' title='bbox 353 3183 392 3193; x_wconf 92' lang='lat'>—</span> <span class='ocrx_word' id='word_1_249' title='bbox 416 3152 537 3212; x_wconf 80' lang='lat' dir='ltr'><strong>Corott.</strong></span> <span class='ocrx_word' id='word_1_250' title='bbox 574 3151 721 3229; x_wconf 88' lang='lat' dir='ltr'><strong>Loquela</strong></span> <span class='ocrx_word' id='word_1_251' title='bbox 751 3150 852 3228; x_wconf 87' lang='lat' dir='ltr'><strong>igitur</strong></span> <span class='ocrx_word' id='word_1_252' title='bbox 884 3149 1000 3210; x_wconf 92' lang='lat' dir='ltr'><strong>haberi</strong></span> <span class='ocrx_word' id='word_1_253' title='bbox 1019 3151 1148 3228; x_wconf 70' lang='lat' dir='ltr'><strong>&#39;nequit</strong></span> <span class='ocrx_word' id='word_1_254' title='bbox 1167 3149 1227 3208; x_wconf 89' lang='lat' dir='ltr'><strong>sive</strong></span> 
     </span>
     <span class='ocr_line' id='line_1_37' title="bbox 219 3227 1229 3307; baseline -0.004 -18"><span class='ocrx_word' id='word_1_255' title='bbox 219 3233 377 3307; x_wconf 90' lang='lat' dir='ltr'><strong>tanquam</strong></span> <span class='ocrx_word' id='word_1_256' title='bbox 409 3247 506 3291; x_wconf 89' lang='lat' dir='ltr'><strong>causa</strong></span> <span class='ocrx_word' id='word_1_257' title='bbox 538 3227 698 3300; x_wconf 87' lang='lat' dir='ltr'><strong>efficiens,</strong></span> <span class='ocrx_word' id='word_1_258' title='bbox 730 3229 799 3291; x_wconf 89' lang='lat' dir='ltr'><strong>sive</strong></span> <span class='ocrx_word' id='word_1_259' title='bbox 825 3232 863 3290; x_wconf 92' lang='lat' dir='ltr'><strong>ut</strong></span> <span class='ocrx_word' id='word_1_260' title='bbox 884 3229 1024 3291; x_wconf 89' lang='lat' dir='ltr'><strong>conditio</strong></span> <span class='ocrx_word' id='word_1_261' title='bbox 1046 3227 1229 3291; x_wconf 88' lang='lat' dir='ltr'><strong>necessaria</strong></span> 
     </span>
     <span class='ocr_line' id='line_1_38' title="bbox 218 3308 819 3386; baseline -0.005 -15"><span class='ocrx_word' id='word_1_262' title='bbox 218 3308 261 3371; x_wconf 82' lang='lat' dir='ltr'><strong>ad</strong></span> <span class='ocrx_word' id='word_1_263' title='bbox 281 3310 421 3386; x_wconf 92' lang='lat' dir='ltr'><strong>primam</strong></span> <span class='ocrx_word' id='word_1_264' title='bbox 443 3312 562 3372; x_wconf 90' lang='lat' dir='ltr'><strong>mentis</strong></span> <span class='ocrx_word' id='word_1_265' title='bbox 584 3311 819 3373; x_wconf 85' lang='lat' dir='ltr'><strong>evolutionem.</strong></span> 
     </span>
    </p>

    <p class='ocr_par' dir='ltr' id='par_1_16' title="bbox 216 3385 1231 3547">
     <span class='ocr_line' id='line_1_39' title="bbox 253 3385 1227 3467; baseline -0.007 -15"><span class='ocrx_word' id='word_1_266' title='bbox 253 3390 323 3452; x_wconf 71' lang='lat'><strong>286.</strong></span> <span class='ocrx_word' id='word_1_267' title='bbox 347 3425 386 3434; x_wconf 92' lang='lat'><strong>—-</strong></span> <span class='ocrx_word' id='word_1_268' title='bbox 409 3391 516 3452; x_wconf 80' lang='lat' dir='ltr'><strong>Sabat.</strong></span> <span class='ocrx_word' id='word_1_269' title='bbox 547 3393 673 3452; x_wconf 87' lang='lat' dir='ltr'><strong>Tamen</strong></span> <span class='ocrx_word' id='word_1_270' title='bbox 705 3390 850 3467; x_wconf 88' lang='lat' dir='ltr'><strong>loquela,</strong></span> <span class='ocrx_word' id='word_1_271' title='bbox 874 3391 936 3451; x_wconf 92' lang='lat' dir='ltr'><strong>etsi</strong></span> <span class='ocrx_word' id='word_1_272' title='bbox 957 3387 1000 3450; x_wconf 87' lang='lat' dir='ltr'><strong>ad</strong></span> <span class='ocrx_word' id='word_1_273' title='bbox 1022 3385 1227 3467; x_wconf 72' lang='lat' dir='ltr'><strong>cogitandum</strong></span> 
     </span>
     <span class='ocr_line' id='line_1_40' title="bbox 216 3461 1231 3547; baseline -0.005 -19"><span class='ocrx_word' id='word_1_274' title='bbox 216 3484 285 3530; x_wconf 91' lang='lat' dir='ltr'><strong>non</strong></span> <span class='ocrx_word' id='word_1_275' title='bbox 306 3470 348 3530; x_wconf 92' lang='lat' dir='ltr'><strong>sit</strong></span> <span class='ocrx_word' id='word_1_276' title='bbox 368 3470 521 3530; x_wconf 90' lang='lat' dir='ltr'><strong>absolute</strong></span> <span class='ocrx_word' id='word_1_277' title='bbox 536 3470 736 3543; x_wconf 88' lang='lat' dir='ltr'><strong>necessaria,</strong></span> <span class='ocrx_word' id='word_1_278' title='bbox 753 3475 804 3530; x_wconf 90' lang='lat' dir='ltr'><strong>est</strong></span> <span class='ocrx_word' id='word_1_279' title='bbox 818 3485 917 3547; x_wconf 84' lang='lat' dir='ltr'><strong>quam</strong></span> <span class='ocrx_word' id='word_1_280' title='bbox 931 3468 1075 3529; x_wconf 87' lang='lat' dir='ltr'><strong>maxime</strong></span> <span class='ocrx_word' id='word_1_281' title='bbox 1090 3467 1179 3528; x_wconf 92' lang='lat' dir='ltr'><strong>utilis</strong></span> <span class='ocrx_word' id='word_1_282' title='bbox 1192 3461 1231 3524; x_wconf 90' lang='lat' dir='ltr'><strong>ad</strong></span> 
     </span>
    </p>
   </div>
   <div class='ocr_carea' id='block_1_13' title="bbox 95 3546 1229 3626">
    <p class='ocr_par' dir='ltr' id='par_1_17' title="bbox 37 3543 1229 3642">
     <span class='ocr_line' id='line_1_41' title="bbox 95 3546 1229 3626; baseline -0.008 -12.487"><span class='ocrx_word' id='word_1_283' title='bbox 95 3601 96 3608; x_wconf 35' lang='lat' dir='ltr'><strong>t</strong></span> <span class='ocrx_word' id='word_1_284' title='bbox 132 3608 136 3612; x_wconf 85' lang='lat'><em>.</em></span> <span class='ocrx_word' id='word_1_285' title='bbox 217 3547 441 3626; x_wconf 85' lang='lat' dir='ltr'><strong>intelligentiae</strong></span> <span class='ocrx_word' id='word_1_286' title='bbox 477 3547 700 3612; x_wconf 86' lang='lat' dir='ltr'><strong>evolutionem</strong></span> <span class='ocrx_word' id='word_1_287' title='bbox 734 3547 1054 3625; x_wconf 87' lang='lat' dir='ltr'><strong>perfectionemque.</strong></span> <span class='ocrx_word' id='word_1_288' title='bbox 1101 3546 1229 3607; x_wconf 88' lang='lat' dir='ltr'><strong>Summa</strong></span> 
     </span>
    </p>
   </div>
   <div class='ocr_carea' id='block_1_14' title="bbox 38 3697 82 3812">
    <p class='ocr_par' dir='ltr' id='par_1_18' title="bbox 38 3697 82 3812">
     <span class='ocr_line' id='line_1_42' title="bbox 39 3697 62 3724; baseline 0.087 -12"><span class='ocrx_word' id='word_1_289' title='bbox 39 3707 40 3712; x_wconf 67' lang='grc'>,</span> <span class='ocrx_word' id='word_1_290' title='bbox 49 3697 62 3724; x_wconf 30' lang='grc' dir='ltr'><strong>,κ’</strong></span> 
     </span>
     <span class='ocr_line' id='line_1_43' title="bbox 40 3733 82 3770; baseline 0 -6"><span class='ocrx_word' id='word_1_291' title='bbox 40 3733 82 3770; x_wconf 51' lang='lat' dir='ltr'><strong>ura</strong></span> 
     </span>
     <span class='ocr_line' id='line_1_44' title="bbox 38 3769 78 3812; baseline 0 -2"><span class='ocrx_word' id='word_1_292' title='bbox 38 3769 78 3812; x_wconf 53' lang='lat' dir='ltr'><strong>riti.</strong></span> 
     </span>
    </p>
   </div>
   <div class='ocr_carea' id='block_1_15' title="bbox 222 3624 1228 3708">
    <p class='ocr_par' dir='ltr' id='par_1_19' title="bbox 222 3624 1228 3708">
     <span class='ocr_line' id='line_1_45' title="bbox 222 3624 1228 3708; baseline 0 -22"><span class='ocrx_word' id='word_1_293' title='bbox 222 3625 290 3686; x_wconf 80' lang='lat' dir='ltr'><strong>hac</strong></span> <span class='ocrx_word' id='word_1_294' title='bbox 324 3627 467 3705; x_wconf 87' lang='lat' dir='ltr'><strong>loquelae</strong></span> <span class='ocrx_word' id='word_1_295' title='bbox 487 3625 609 3688; x_wconf 89' lang='lat' dir='ltr'><strong>utilitas</strong></span> <span class='ocrx_word' id='word_1_296' title='bbox 631 3645 671 3689; x_wconf 84' lang='lat' dir='ltr'><strong>ex</strong></span> <span class='ocrx_word' id='word_1_297' title='bbox 694 3645 734 3690; x_wconf 94' lang='lat' dir='ltr'><strong>eo</strong></span> <span class='ocrx_word' id='word_1_298' title='bbox 756 3629 892 3690; x_wconf 89' lang='lat' dir='ltr'><strong>resultat</strong></span> <span class='ocrx_word' id='word_1_299' title='bbox 912 3628 1003 3708; x_wconf 91' lang='lat' dir='ltr'><strong>quod</strong></span> <span class='ocrx_word' id='word_1_300' title='bbox 1027 3624 1228 3690; x_wconf 68' lang='lat' dir='ltr'><strong>revocabunt</strong></span> 
     </span>
    </p>
   </div>
   <div class='ocr_carea' id='block_1_16' title="bbox 0 0 1334 4209">
    <p class='ocr_par' dir='ltr' id='par_1_20' title="bbox 0 0 1334 4209">
     <span class='ocr_line' id='line_1_46' title="bbox 0 0 1334 4209; baseline 0 0"><span class='ocrx_word' id='word_1_301' title='bbox 0 0 1334 4209; x_wconf 95' lang='lat' dir='ltr'><strong> </strong></span> 
     </span>
    </p>
   </div>
  </div>
 </body>
</html>
