2642 4209
267 231 464 319 nnmn‘uvsrci
485 261 702 331 saucianss—
715 292 931 352 rsxcuotoom.
1054 307 1112 368 147

138 377 168 438 3⁰
186 380 299 444 Reotes
321 384 465 468 denique
486 395 680 465 universalia
704 411 816 493 realia
838 434 898 480 seu
912 443 932 488 a
948 444 1046 504 parce
1059 448 1113 506 ref

103 459 343 525 constituerunt.
368 469 434 529 Sed
468 475 640 558 realisrnus
666 489 836 567 multiplex
863 501 1071 588 distinguitur
1097 532 1105 585 :'

104 538 131 596 1⁰
154 537 345 619 Platonicus
370 547 470 628 juxta
491 569 591 630 quem
612 564 807 634 universalia
835 589 1055 660 consisterent
1074 606 1109 667 in

101 614 206 678 formis
237 629 396 698 separatis
417 645 478 706 per
505 650 542 694 se
573 640 838 715 subsistentibus.
871 663 903 722 2⁰
926 669 1108 752 Empirieus

101 696 209 758 mediae
229 705 342 776 atatis
366 712 554 776 auctoribus
570 717 715 788 Giiberto
730 729 909 805 Porretano
921 755 954 810 et
976 753 1107 826 Guillel·

101 792 151 837 mo
172 777 402 859 compellensi,
426 791 480 867 qui
503 793 688 864 docuerunt
708 813 906 884 universalia
937 844 1012 897 esse
1037 840 1104 905 ior-

101 871 166 916 mas
194 855 227 918 in
258 862 337 936 ipsis
366 866 542 935 individuis
569 881 761 965 existentes,
790 895 1058 980 independenter
1087 943 1107 988 a

100 935 211 996 mentis
243 943 517 1024 consideratione,
550 957 594 1018 ita
625 969 661 1025 ut
690 969 761 1044 ipsa
792 975 915 1044 individ

99 1016 302 1094 universatim
326 1024 358 1084 3⁰
371 1025 618 1114 PantheisticuS,
634 1060 652 1104 a
667 1045 687 1104 S

100 1096 150 1169 qui
169 1099 363 1164 universalia
385 1112 515 1184 reponit
536 1116 569 1176 in
591 1119 676 1183 ideis
844 1209 848 1217 ¹

98 1178 168 1233 sunt
191 1177 290 1241 simul
319 1185 448 1248 realitas
474 1193 665 1262 universalis
698 1211 731 1267 ct
760 1212 847 1290 idea,
887 1224 899 1303 (
928 1275 936 1298 ,
991 1281 999 1307 ‚

96 1253 217 1328 repellit
239 1256 482 1329 distinctionem
504 1273 590 1337 inter
618 1281 727 1346 ideate
750 1298 782 1352 et
802 1302 907 1378 reale;
941 1311 974 1370 5⁰
999 1316 1101 1386 onir,-

95 1331 227 1411 logicus,
251 1341 306 1417 qui
330 1341 427 1407 docet
451 1352 646 1421 universalia
675 1381 749 1428 esse
777 1373 870 1441 ideas
894 1402 954 1448 seu
980 1391 1103 1468 formas

94 1410 252 1476 inruente
275 1419 383 1484 divina
406 1430 584 1498 existentes
612 1447 644 1501 et
670 1460 688 1504 a
714 1450 809 1515 nobis
835 1458 1023 1539 immediate
1045 1501 1101 1562 ap-

93 1492 278 1565 prehensas
310 1502 366 1564 Hic
406 1509 513 1583 potius
545 1521 773 1590 consideratur
816 1545 1002 1627 empiricus,
1044 1569 1101 1641 qui

93 1575 342 1642 antonomastice
365 1592 500 1649 vocatur
521 1597 704 1666 realismus

126 1652 159 1710 lli
180 1669 310 1719 errores
331 1663 364 1722 in
385 1673 601 1745 sequentibus
626 1690 905 1764 propositionibus
932 1715 1100 1784 confutan-

92 1733 144 1791 tur.

90 1861 149 1922 tto.
182 1898 221 1908 -
252 1867 360 1932 'laesis
390 1876 412 1936 Ι.
440 1883 590 1948 unzoerse

593 1889 667 1955 litos
688 1899 724 1958 t'a
753 1912 853 1972 mertis
877 1898 1006 1990 occidus
1034 1953 1099 2000 noa

122 1947 307 2010 continetur.

169 2297 338 2366 individuo
363 2324 427 2370 vox
453 2313 643 2400 desumitur,
674 2346 744 2407 quae
771 2341 939 2428 deinceps
956 2362 998 2422 ad
1018 2335 1093 2434 'alia

87 2371 242 2439 individua
264 2381 343 2446 huic
364 2391 479 2454 similia
503 2397 692 2498 denotanda
718 2415 902 2508 adhibetur.

512 2767 583 2869 ‚’ut
613 2813 715 2884 patet,
747 2835 859 2898 neque
888 2832 919 2891 2⁰
944 2803 1089 2920 aliquam

85 2851 300 2920 collectionem
334 2883 341 2922 ε
378 2874 522 2946 nomina,
558 2897 628 2958 quae
660 2892 888 2967 collectionem
927 2916 1085 3004 indicant,

83 2944 106 2987 v.
126 2948 170 3022 33,
193 2937 293 3011 acies,
315 2949 470 3039 populus,
494 2955 536 3018 de
558 2963 696 3040 singulis
717 2973 780 3036 dici
800 2998 983 3073 nequeunt,
1007 3004 1088 3071 dum

81 3023 201 3074 nomina
228 3034 425 3100 communia,
442 3049 484 3122 v.
544 3086 563 3111 .‚
954 3081 960 3090 ·
1048 3087 1054 3098 ·

110 3412 198 3472 Proh.
222 3416 255 3476 2⁰
281 3419 463 3490 Similitudo
489 3431 576 3497 inter
602 3439 729 3510 diversa

78 3485 165 3549 hendi
195 3499 322 3574 nequit,
354 3504 415 3565 nisi
444 3509 632 3588 dispiciatur
658 3528 779 3605 aliquid

79 3581 170 3644 morte,
202 3590 326 3654 nempe
356 3599 373 3642 a
407 3594 553 3664 quolibet
584 3601 752 3672 individuo
784 3618 803 3678 d

808 3629 998 3698 aterminato
1039 3663 1075 3707 a·

78 3655 228 3729 vocatum;
263 3662 354 3737 atqui
386 3667 549 3745 ejusmodi
576 3689 748 3765 perceptio
776 3696 788 3756 i

218 3763 230 3786 O

791 3697 886 3766 deam
910 3717 1076 3788 universa-
