2642 4209
192 256 232 320 62
504 274 684 319 nasvrsmuu
705 273 907 318 runosomun

193 395 244 451 est
264 388 396 467 signum
432 390 609 465 positivum
643 402 683 445 ac
718 384 939 462 specificum‚.
957 385 1036 447 dum
1068 386 1210 465 simplex

191 470 347 530 honestas
357 482 424 530 non
439 472 490 529 cst
503 469 565 529 nisi
580 466 714 544 signum
724 472 919 544 negativum
928 472 985 527 aut
998 468 1207 545 genoricum.

234 548 313 609 ilinc
327 548 351 606 1⁹
366 550 394 609 si
407 563 493 625 opus
506 548 633 610 ratione
656 546 775 607 sciret
797 547 935 622 subjecti
948 549 1063 623 inquo
1085 544 1131 621 fit,
1155 548 1211 609 vel

192 629 421 703 adjunctorum
443 628 479 687 in
503 629 632 704 quibus
650 622 801 696 efficitur,
826 627 870 686 sit
890 626 1019 704 aliquid
1033 626 1097 687 sub
1119 630 1209 689 omni
1306 695 1307 700 γ

194 711 354 782 respectu
367 708 504 779 bonum,
520 707 710 777 honestum,
727 708 816 782 pieta
823 707 861 765 tis
877 706 1023 781 plenum,
1039 707 1071 765 2⁰
1085 708 1113 767 si
1134 704 1210 767 finis
1306 707 1307 796 j

195 787 293 861 liujus
316 788 422 863 operis
444 786 486 845 sit
509 801 643 845 morum
660 785 817 845 sanctitas
841 784 1072 852 diffundenda.
1100 786 1209 846 cuitus
1306 827 1307 860 r

194 867 254 927 Dei
270 864 516 945 propagandus,
532 861 732 925 beneficium
742 864 832 924 reale
846 865 1035 927 hominibus
1060 862 1206 926 inferen-
1306 869 1307 872 ’

141 1012 145 1021 ,
195 945 286 1015 dum,
316 947 349 1005 3ο
372 948 399 1006 si
427 945 588 1021 operandi
609 944 725 1003 modus
760 946 967 1020 gravitatem,
1008 944 1208 1013 decentiam,

139 1022 141 1025 ’
198 1024 340 1087 divinam
354 1024 550 1101 sapientiam
566 1024 682 1099 spiret,
698 1020 779 1083 illud
789 1021 913 1085 factum
928 1024 1076 1085 mirabile
1092 1041 1110 1084 a
1125 1026 1208 1095 Dec,

196 1110 353 1183 tanquam
377 1121 394 1163 a
421 1103 591 1180 principati
619 1117 729 1171 causa,
754 1109 844 1163 certo
870 1104 1031 1178 procedit.
1049 1104 1083 1163 Si
1096 1117 1208 1169 serus

107 1234 113 1241 ,s
195 1182 362 1247 timendus
378 1188 429 1243 est
446 1182 580 1258 spiritus
597 1194 741 1257 nequam
756 1181 908 1244 influxus.
1171 1248 1177 1252 ⁴

234 1265 326 1323 Hisce
352 1265 487 1325 criteriis
503 1262 576 1322 adai
593 1266 704 1335 potest
717 1261 875 1323 indicium
890 1258 981 1339 qucd
996 1278 1037 1321 ex
1049 1261 1209 1339 qualitate
1307 1259 1308 1328 i

194 1343 356 1419 operantis
370 1340 451 1403 fluit.
466 1343 532 1402 Etsi
550 1343 641 1401 Deus
664 1340 816 1417 improbo
840 1342 973 1403 humine
996 1343 1142 1402 absolute
1160 1345 1211 1402 uti
1307 1363 1308 1414 j

195 1424 298 1499 possit
312 1421 353 1482 ad
367 1422 559 1481 miraculum
576 1418 787 1497 patrandum,
803 1423 840 1480 ut
851 1422 923 1482 aliis
934 1422 976 1481 sit
986 1419 1209 1496 profuturum,
1307 1437 1308 1440 ¹

196 1508 304 1563 tamen
318 1502 505 1579 generatim
519 1501 671 1563 homines
684 1501 862 1561 sanctitate
877 1502 1090 1577 moribusque
1116 1516 1211 1561 cons-

193 1581 308 1659 picuos
336 1580 484 1641 adhibet.
503 1580 535 1643 Si
559 1581 659 1659 igitur
681 1580 929 1659 thaumaturgus
956 1582 1048 1640 hisce
1073 1578 1210 1641 dotibus

194 1665 423 1733 nommetur,
440 1660 583 1737 suspicio
599 1659 750 1737 legitima
759 1661 837 1723 oriri
853 1661 984 1737 poterit.

524 2404 660 2451 rxrucrr
675 2367 874 2451 co'succccn.
