2642 4209
227 270 287 332 270
532 288 712 333 uurvrrmuu
730 287 933 333 rurrcscruuu

376 404 439 469 511.
459 404 500 457 lle
516 402 758 473 praeternaturali
775 406 807 459 et
824 402 908 459 falsis
926 402 1088 459 miraculis.

257 518 509 573 Praeteruaturale
544 518 689 574 latissime
721 522 875 589 sumptum
915 522 961 575 est
1003 518 1033 573 id
1070 522 1149 590 quod

222 592 344 659 superat
380 596 519 645 naturam
555 591 697 661 creatam,
737 602 797 644 nou
838 604 912 645 vero
949 591 1107 646 creabilem
1140 609 1147 644 :

220 661 343 716 arctiori
360 674 450 715 sensu
468 664 515 715 est
540 660 572 715 id
599 659 679 731 quod
706 664 821 715 naturae
840 662 920 716 vires
938 664 969 716 et
987 662 1149 731 exigentias

220 732 479 802 praetergreditur,
493 732 563 787 licet
576 730 683 786 habeat
698 731 824 801 vestigia
834 732 970 802 quaedam
983 733 1015 787 in
1029 736 1146 787 natura.

256 805 376 858 Tarsis,
395 802 539 873 Spiritus
553 802 619 856 siue
639 802 716 857 beni
729 805 794 856 sice
806 803 884 857 muti
906 804 989 857 utica
1004 803 1147 873 quaedam

221 874 347 944 operari
360 875 511 945 pessunt·
531 873 641 927 etenim
659 873 740 928 vires
759 874 874 928 naturae
892 887 1041 943 corporeae
1060 876 1146 943 longe

221 949 372 1026 superant.
401 943 507 1000 Schct.
533 947 622 999 Facta
648 943 736 1015 plura
760 944 949 1013 magnetismi
964 959 982 1000 a
1000 943 1146 1000 malorum

221 1016 381 1085 sprrituum
396 1015 509 1071 influxu
523 1030 584 1071 non
603 1018 674 1070 suut
688 1014 842 1070 immunia.
914 1049 917 1056 -
1196 1019 1229 1072 66

254 1112 488 1170 Miracutcrum
508 1113 612 1170 crisis.
643 1114 672 1167 l0
691 1111 857 1167 Necessitas
881 1112 1004 1183 criterii,
1032 1115 1064 1167 2⁰
1082 1112 1146 1169 haec

220 1184 338 1240 criteria
359 1186 460 1239 valent
473 1185 511 1240 ad
530 1182 712 1239 secernenda
726 1196 817 1252 opera
836 1184 958 1253 spiritus
970 1198 1098 1254 nequam
1109 1185 1144 1241 ab

219 1256 358 1325 operibus
376 1256 522 1311 bonerum
536 1255 726 1325 augelorum3
742 1258 772 1307 3ο
792 1254 931 1309 honestas
945 1256 978 1309 et
995 1268 1068 1311 vera
1083 1256 1143 1310 uti·

217 1324 287 1381 litas
306 1327 517 1383 miraculorum
531 1325 686 1381 constituit
700 1325 865 1380 criterium.
1192 1329 1220 1382 bl

573 1632 861 1695 PSYCHOLOGIA.

249 1778 451 1851 Psycbclcgia,
470 1778 599 1847 quaeest
616 1776 694 1830 ratic
710 1789 763 1831 seu
782 1776 904 1831 scientia
919 1775 956 1832 de
974 1779 1082 1850 anima,
1104 1780 1134 1833 iu

212 1853 273 1907 tria
290 1852 387 1921 capita
400 1849 600 1904 distribuitur.
1190 1854 1220 1907 63

644 1970 771 2032 CAPUT
790 1972 813 2030 l.

456 2115 495 2159 cr
514 2114 612 2160 arrum
633 2114 759 2159 fluuium
780 2110 972 2159 sursrrurm.

601 2230 799 2285 ARTICULUS
818 2232 838 2286 1.

440 2350 476 2404 Dc
490 2350 590 2402 anima
605 2349 637 2400 in
651 2362 678 2399 sc
692 2349 717 2398 ct
731 2347 851 2399 absoluta
865 2351 996 2414 spectata.

131 2451 135 2457 ’
244 2457 348 2515 Anima
369 2470 429 2511 nou
447 2454 543 2529 medo,
554 2452 680 2522 simplex
699 2453 755 2522 est,
775 2452 828 2506 sed
849 2451 939 2507 etiam
958 2452 1132 2523 spiritualis.
1186 2456 1217 2510 64

549 2562 601 2627 51.
616 2562 657 2614 De
675 2557 876 2629 simplicitate.

241 2677 348 2733 Tarsis
362 2674 382 2728 Ι.
402 2671 545 2726 Animus
561 2668 724 2721 hacteuus
740 2667 785 2719 cst
808 2664 946 2735 simplex
960 2664 1067 2735 quoad
1083 2664 1134 2719 esss

205 2753 354 2807 sentiam.
370 2742 463 2798 Preb.
479 2743 498 2796 l.
513 2742 556 2796 Ex
566 2735 737 2794 testimonio
756 2736 945 2791 conscientiae
958 2750 1026 2806 quae
1041 2737 1136 2791 rel'ert

207 2823 236 2877 10
255 2815 387 2878 animum
405 2813 515 2868 habere
529 2811 621 2880 ideas,
641 2820 708 2877 quae
723 2807 754 2860 in
773 2806 944 2862 indivisibili
964 2810 1035 2861 suut
1050 2808 1133 2877 posi-

207 2895 246 2947 tae
276 2891 308 2949 et
320 2891 352 2941 20
370 2898 425 2940 nos
437 2896 525 2954 posse
543 2880 643 2936 varias
657 2877 853 2946 cogitationes
880 2878 1027 2949 conterre,
1053 2879 1134 2933 rele-
1292 2908 1293 2923 1

204 2934 290 3035 gefe·
312 2956 365 3013 scd
387 2953 563 3011 haecomnia
581 2964 641 3005 nou
659 2950 758 3002 esseut
779 2949 805 3002 si
823 2949 922 3003 anima
941 2948 1134 3019 simplicitate

204 3050 265 3091 non
279 3007 448 3090 erraretur.
473 3024 565 3079 Prcb.
581 3023 612 3076 ll.
632 3022 676 3075 lix
695 3019 844 3089 libertate,
861 3032 928 3089 quae
947 3021 1007 3073 stat
1026 3020 1057 3075 in
1074 3034 1133 3089 po-

204 3109 315 3162 testate
329 3095 475 3168 eligendi,
490 3093 574 3164 atqui
585 3092 721 3163 potestas
735 3089 863 3159 eligendi
878 3090 1049 3158 expostulat
1064 3091 1131 3145 uni-

203 3191 271 3233 cum
285 3170 466 3247 principium
479 3163 559 3236 quod
583 3173 689 3219 omnes
707 3161 844 3215 contueri
857 3159 952 3230 possit
970 3162 1129 3230 cogitatio-

202 3262 266 3305 nes.
284 3250 373 3312 Ergo.
395 3237 496 3295 Ceret.
518 3235 625 3291 Anima
642 3244 703 3286 uon
733 3234 780 3285 est
802 3244 912 3301 cerpus
926 3244 982 3286 nec
1000 3233 1129 3302 qualitas
1181 3306 1213 3359 65

201 3328 396 3449 wffpusuxsffill.
416 3379 533 3436 Anima
556 3378 601 3431 est
615 3372 755 3443 simplex
777 3372 883 3443 quoad
902 3372 1129 3443 quantitatem.

200 3462 294 3518 Prcb.
318 3455 426 3513 Anima
447 3451 528 3506 enim
554 3447 586 3502 vi
610 3442 789 3499 reflectendi
812 3444 936 3514 fruitur,
963 3470 998 3484 —
1025 3444 1127 3515 plures

202 3530 387 3587 causationes
401 3523 491 3579 simul
504 3516 668 3588 experitur,
684 3543 719 3556 -
736 3515 865 3585 percipit
884 3518 1022 3586 extensa3
1037 3530 1129 3586 porro

203 3615 257 3657 eus
270 3603 429 3658 extensum
447 3594 478 3649 et
495 3587 692 3659 compositum
716 3587 820 3656 nequit
839 3586 903 3643 llaec
924 3586 1024 3641 omnia
1040 3600 1128 3659 pera-

204 3673 389 3742 gerellrgo.
1179 3660 1211 3713 67
