2642 4209
243 235 444 280 11111111119191
467 233 913 282 911911119-191911919911,
1040 220 1096 280 183

65 363 135 408 non
168 352 246 426 eget
279 347 565 420 determinatione,
588 349 649 410 sed
665 370 668 375 ¹
682 350 841 412 duntaxat
872 350 922 433 (ΙΙ,
945 350 1016 430 258)
1040 354 1093 414 sui

66 427 192 504 obJ'eoti
225 429 406 504 presentia.
1087 491 1091 500 ,

108 509 336 569 Μ111919119111
367 505 527 569 fundatur
555 509 588 569 in
620 507 702 571 falso
733 511 947 589 intelligibilis
971 527 1095 574 991199-

67 591 130 663 ptu
155 607 163 648 ε
186 589 405 666 intelligibile.
425 593 518 665 juxta
540 589 726 666 ontologos
750 590 840 651 idem
863 595 950 651 esset
973 607 1010 650 ae
1040 608 1091 651 es-

68 670 178 728 sentia
213 667 337 742 divina;
363 674 484 746 negato
517 669 617 746 igitur
647 670 701 730 illo
734 677 910 747 conceptu,
933 671 996 730 ruit
1026 675 1094 731 tota

70 749 327 824 argumentatio.

110 830 144 887 4ἃ
165 830 272 889 Retio.
295 828 410 890 Modus
433 827 659 907 cognoscendi
681 828 783 891 debet
804 828 1010 905 respondere
1038 845 1107 901 91-Ι

73 905 143 969 dini
164 910 353 986 ontologico
377 909 664 987 cognoscibilium3
689 909 780 986 atqui
808 925 964 984 suprema
996 926 1096 971 eausa

73 991 107 1048 et
129 987 213 1050 ratio
237 989 384 1050 omnium
413 988 686 1067 cognoscibilium
719 993 770 1049 est
800 1005 861 1050 ens
892 988 1093 1052 absolutum.

72 1069 199 1128 troo...

112 1115 195 1207 bist.
220 1149 301 1222 maj.
330 1148 445 1209 Modus
475 1147 531 1209 ille
565 1146 793 1227 cognoscendi
824 1145 1095 1223 perfectissimus,

72 1228 128 1303 qui
151 1229 304 1302 proprius
338 1233 389 1288 est
421 1228 522 1289 solius
554 1229 628 1301 Dei,
652 1243 714 1288 seu
736 1227 963 1301 intelligentiae
987 1226 1098 1302 perfe-

74 1307 239 1372 ctissime,
264 1306 364 1367 debet
384 1307 633 1384 respondere...
658 1325 744 1368 cone.
768 1306 883 1368 Modus
904 1311 1019 1368 noster
1041 1325 1099 1369 99-

74 1385 261 1464 gnoscendi
282 1383 499 1462 imperfectus
523 1387 663 1448 debet...
681 1389 753 1447 dist.
771 1388 879 1448 Debet
901 1385 1028 1448 reterre
1044 1403 1098 1448 res

74 1469 111 1526 ut
134 1469 213 1526 sunt
234 1468 267 1525 in
289 1468 418 1543 seipsis
441 1484 528 1528 99119.
553 1468 661 1527 Debet
683 1467 936 1543 apprehendere
962 1483 1096 1528 sueces-

75 1548 145 1607 sive
168 1561 222 1605 res
244 1547 427 1607 seeundum
452 1563 563 1607 earum
586 1546 736 1607 ordinem
752 1545 964 1622 perfeetionis
988 1554 1019 1608 et
1042 1546 1098 1608 de-

76 1623 281 1704 pendentiae,
303 1643 389 1702 nep„
412 1629 450 1688 ut
471 1629 550 1687 satis
573 1630 702 1687 constat
718 1627 859 1687 91119919
876 1625 986 1704 quoad
1001 1628 1096 1687 innu-

75 1721 188 1766 meras
210 1706 378 1767 veritates.

76 1827 185 1886 'laesis
208 1827 230 1886 l.
247 1830 331 1887 Deus
352 1841 373 1885 9
393 1826 486 1886 nobis
506 1826 540 1886 in
562 1825 709 1886 11999119
730 1842 795 1886 oon
811 1831 916 1902 potest
936 1829 1056 1888 directe
1069 1833 1099 1888 et
1189 1905 1197 1916 ‚

117 1908 307 1968 immediate
328 1907 443 1966 videri.

118 2018 190 2081 294.
214 2052 253 2060 -
277 2020 464 2094 Consolatio
486 2020 618 2079 directo.

115 2099 214 2158 Proh.
240 2100 262 2159 l.
286 2100 318 2160 Si
339 2101 428 2160 Deus
451 2102 542 2158 esset
556 2097 727 2176 objectum
744 2097 907 2160 directum
931 2103 965 2159 91
985 2099 1098 2162 imme-

79 2177 204 2239 diatum
225 2181 358 2242 visionis
378 2179 413 2238 in
433 2179 496 2238 bae
518 2178 595 2248 vita,
620 2177 821 2238 conscientia
844 2178 877 2238 id
900 2179 1008 2256 aliquo
1031 2196 1099 2241 mo·

79 2257 120 2318 do
142 2261 335 2319 renuntiare
363 2258 513 2331 deberet,
536 2263 595 2317 aut
625 2258 744 2318 saltem
777 2259 861 2318 bano
891 2260 1100 2319 intuitionem

79 2353 205 2417 negare
229 2353 295 2398 non
317 2343 445 2416 posset;
469 2340 561 2413 atqui
577 2338 778 2398 conscientia
800 2353 868 2398 non
888 2337 988 2399 modo
1004 2339 1099 2399 intui·

80 2423 149 2478 tum
170 2424 321 2479 nostrum
336 2415 523 2478 immediate
546 2417 579 2476 in
603 2417 708 2476 Deum
723 2418 844 2477 versari
860 2434 926 2477 non
944 2422 1098 2492 testatur,

79 2495 139 2558 sed
173 2503 288 2558 9911119
320 2501 480 2575 pernegat
515 2497 681 2575 ejusmodi
701 2498 855 2558 intuitum
878 2497 1043 2558 directum
1066 2501 1100 2560 91

78 2575 320 2638 immediatum.
346 2579 430 2656 Ergo
462 2575 521 2637 nisi
556 2577 768 2638 eonscientiae
801 2576 1024 2638 testimonium
1057 2580 1099 2640 sit

79 2655 189 2729 iallax,
212 2657 330 2718 falsum
355 2670 406 2718 est
427 2671 487 2717 nos
510 2655 701 2717 immediate
722 2659 828 2717 Deum
849 2656 980 2719 intueri.

114 2738 227 2812 tiajor
248 2738 349 2811 ipsius
383 2736 568 2816 argumenti
600 2737 716 2815 negari
738 2736 873 2813 nequit:
896 2753 975 2798 narn
999 2752 1099 2796 cons-

78 2817 197 2878 cientia
228 2815 352 2878 referre
385 2819 496 2894 potest
525 2813 612 2875 laeta
635 2819 775 2886 interna,
800 2831 875 2894 quae
898 2815 1001 2893 ipsam
1025 2815 1095 2876 atfi-

76 2897 182 2968 oiunt;
209 2914 305 2973 porro
338 2897 389 2956 bio
420 2893 578 2956 mirabilis
609 2896 746 2956 intuitus
777 2896 916 2957 deberet
947 2894 1095 2973 protento

76 2978 314 3038 consulentium
335 2974 476 3037 91119919.
502 2973 566 3036 Sed
590 2977 716 3036 etiamsi
738 2973 772 3034 ld
794 2978 983 3036 renuntiare
1006 2979 1097 3051 posi·

75 3059 141 3118 tive
164 3071 376 3134 quacumque
400 3054 441 3115 de
467 3070 565 3114 eausa
587 3071 653 3115 non
676 3059 801 3133 posset,
823 3057 941 3116 saltem
966 3060 1097 3118 eontra-

75 3137 164 3197 rium
187 3151 359 3214 nunquam
381 3139 568 3195 testaretur.

114 3217 224 3276 ⁴lliuor
244 3215 347 3277 retert
366 3212 486 3276 tactum
509 3213 661 3274 omnibus
684 3215 834 3289 pervium
857 3233 864 3274 :
888 3227 986 3273 nemo
1012 3216 1100 3274 enim

73 3295 246 3356 hominum
261 3298 386 3357 oonseit
405 3311 442 3356 se
465 3295 571 3354 Deum
592 3293 701 3369 ipsum
724 3292 849 3354 directe
872 3297 906 3352 91
927 3293 1098 3354 immedia-

76 3379 109 3435 te
128 3376 264 3447 intueri;
289 3376 354 3436 imo
377 3391 393 3434 a
418 3374 472 3436 tali
494 3377 678 3434 assertione
700 3377 819 3448 sponte
840 3369 1014 3450 refugiunt
1030 3389 1099 3433 om·

76 3469 149 3516 nes,
174 3455 397 3530 Quamobrem
420 3454 631 3516 eonscientiae
655 3452 842 3514 testimonio
866 3451 1102 3513 (1991119909-

80 3533 268 3614 tologorum
289 3535 479 3595 reluctatur.
503 3534 604 3612 Ergo.

119 3615 216 3676 Prot.
240 3616 278 3675 ll.
301 3614 385 3676 Visio
413 3614 537 3704 directa
554 3616 602 3698 „et
630 3609 824 3680 immediata
855 3610 1098 3689 Ontologorum
