2642 4209
250 303 450 349 nurirnvstcn
473 302 630 347 sauciatis.
647 319 685 329 -·
699 302 917 349 rsvcuotonin.
1055 288 1095 349 65

67 429 188 494 eaque
204 417 306 496 longe
327 417 550 490 transcendit3
577 417 792 495 quamobrem
818 418 892 497 ejus
912 418 1097 480 substantia

66 510 144 555 non
159 498 234 558 sola
257 500 462 575 simplicitate
478 501 625 569 ornatur,
646 497 708 557 sed
731 498 831 558 etiam
854 499 1095 576 spiritualitate,

68 588 180 651 quam
217 576 305 639 clare
343 581 488 656 arguunt
520 592 620 654 supra
651 575 745 637 dictae
773 578 1000 654 operationes;
1024 578 1122 645 talis⁴

68 657 219 717 enimin
234 660 341 719 anima
357 662 495 735 apparet
508 657 698 733 simplicitas
712 673 783 733 quae
798 674 815 717 a
832 660 967 719 materia
983 658 1096 717 intrin-

68 748 177 795 secus
201 752 265 798 non
292 736 494 814 dependeat.
520 738 599 797 llinc
624 735 668 797 de
692 737 809 796 animae
833 737 1035 814 simplicitate
1063 742 1097 798 et

70 814 307 891 spiritualitate
323 816 497 878 exordiae
514 830 652 895 agamus
667 816 701 875 in
715 816 778 877 hoc
794 816 942 878 articulo.

426 948 479 1013 §i
495 948 536 1003 De
550 944 748 1017 simplicitate.

76 1068 149 1130 109.
172 1102 212 1113 -
240 1070 346 1132 Tarsis
376 1072 400 1131 l.
428 1072 545 1131 Anima
571 1070 717 1130 bumana
740 1076 785 1131 est
814 1074 957 1148 simplex
988 1073 1097 1148 quoad

116 1151 297 1212 essentium.

118 1283 205 1341 Nota
236 1284 274 1341 1⁰.
301 1281 372 1341 Hac
389 1282 489 1343 thesis
512 1284 708 1357 proponitur
736 1284 849 1343 contra
882 1299 998 1344 omnes
1029 1300 1096 1345 ma·

75 1360 254 1421 terialistas
269 1362 337 1423 sive
353 1362 555 1437 antiquiores
573 1363 641 1422 sive
650 1358 828 1421 hodiernos
852 1376 913 1422 seu
930 1365 1093 1439 positivis·

74 1447 140 1511 tas,
158 1441 215 1517 qui
229 1442 414 1517 generatim
429 1440 550 1501 docent
564 1442 703 1499 animam
721 1455 796 1501 esse
814 1444 870 1500 aut
884 1442 946 1500 vim
958 1446 1095 1504 activam

77 1520 243 1595 corporis,
278 1524 335 1581 aut
366 1520 567 1580 harmoniam
593 1521 733 1595 partium
757 1519 906 1598 ejusdem
937 1529 1093 1598 corporis.

75 1598 172 1659 Prior
198 1597 397 1677 formaque
413 1616 431 1659 a
446 1600 636 1675 positivistis
651 1603 889 1676 propugnatur,
914 1617 933 1661 a
955 1602 1092 1677 quibus·

78 1677 160 1738 dam
174 1686 309 1741 vocatur
323 1678 574 1740 materialismus
593 1680 796 1753 dycomt'cns3
813 1680 915 1739 altera
937 1686 1058 1757 autem,
1076 1698 1095 1743 a

76 1758 249 1819 veteribus
264 1758 450 1821 introducta
464 1763 497 1818 et
511 1760 544 1818 in
555 1758 673 1818 saeculo
688 1756 784 1817 xviii
797 1756 958 1832 refricata,
978 1761 1096 1824 dicitur
1206 1826 1211 1832 ,

77 1839 336 1899 materialismus
343 1838 597 1915 psycboloqt'cus.
613 1838 674 1897 liiae
690 1850 804 1899 omnes
815 1842 942 1916 negant
955 1844 1094 1902 animam

78 1932 156 1979 esse
185 1918 403 1979 substantiam
441 1917 627 1978 distinctam
661 1931 681 1974 a
719 1933 872 1993 corpore;
901 1925 991 1980 esset
1021 1921 1095 1997 ipsa

77 1999 231 2070 materia,
255 2014 320 2073 pra
334 2013 395 2059 sua
412 1997 622 2074 dispositione
645 1995 836 2057 harmonica
855 1998 909 2057 vel
928 2000 1094 2062 activitate

78 2076 400 2153 prepria‘spectata,
425 2079 469 2137 ita
490 2081 528 2135 ut
540 2076 657 2136 librata
678 2077 822 2153 gravitas
834 2081 892 2138 aut
913 2079 962 2138 vis
991 2080 1095 2153 activa

79 2156 323 2219 elementorum
334 2157 546 2217 materialium
557 2161 729 2215 vocaretur
740 2158 856 2216 anima.
869 2157 976 2232 Aliqui
987 2163 1096 2222 tamen

78 2235 299 2298 materialistae
325 2241 469 2305 veteres,
495 2232 1039 2305 utstoici„distinxeruntanimam
1076 2254 1097 2300 a

78 2330 231 2391 corpore,
246 2316 306 2379 sed
319 2318 406 2376 illam
421 2316 654 2375 habueruntut
669 2330 789 2391 corpus
803 2316 907 2395 magis
922 2316 1053 2379 subtile.

105 2397 205 2473 ‚Nota
219 2398 264 2457 2⁰.
279 2396 362 2458 lllud
391 2396 507 2457 dicitur
531 2396 670 2469 simplex
692 2394 802 2470 quoad
817 2398 992 2456 essentium,
1005 2396 1096 2474 quod

78 2488 148 2535 non
164 2478 320 2538 coalescit
336 2476 538 2554 expluribus
554 2474 701 2550 partibus
721 2475 947 2541 constitutivis,
973 2492 1038 2536 nec
1061 2478 1096 2537 in

81 2568 140 2614 eas
165 2558 286 2618 resolvi
299 2559 421 2632 potest.
438 2555 626 2615 Substantia
643 2569 725 2629 ergo
750 2558 801 2613 est
820 2555 960 2632 simplex
984 2554 1095 2633 quoad

80 2634 271 2708 essentiam,
297 2632 430 2711 quando
454 2650 522 2695 non
550 2638 599 2693 est
623 2631 793 2710 quoddam
810 2639 1028 2713 aggregatum
1054 2652 1095 2697 ex

80 2714 231 2853 partibqs
245 2716 390 2794 physicis
402 2713 632 2775 essentialibus
648 2712 835 2785 conflatum,
851 2729 912 2774 seu
935 2731 977 2775 ex
992 2721 1094 2777 mate-

80 2792 129 2853 ria
145 2798 178 2855 et
214 2810 317 2855 orma.

120 2874 237 2936 Thesis
252 2874 375 2951 duplici
388 2874 583 2951 argumento
596 2870 785 2932 adstruitur.

120 2955 274 3013 Primum
288 2958 526 3028 orpcmeutum.
547 2952 594 3011 Ex
619 2949 864 3011 evidentissimo
890 2955 1096 3015 conscientia

82 3033 283 3103 testimonio,
300 3034 420 3093 scimus
437 3035 465 3093 l⁰
476 3032 614 3091 animam
626 3029 720 3091 ideas
729 3031 867 3101 habere,
879 3046 950 3107 quae
963 3034 997 3093 in
1008 3032 1096 3094 indi-

81 3111 201 3172 visibili
221 3117 297 3173 sunt
320 3113 444 3189 positar,
474 3110 554 3171 licet
588 3110 684 3169 variis
699 3110 891 3170 notionibus
920 3117 1093 3186 constent;

79 3190 112 3249 2⁰
133 3206 196 3251 nos
221 3206 319 3268 posse
348 3200 414 3266 pro
431 3188 521 3251 libito
548 3187 764 3267 cogitationes
788 3194 918 3250 nostras
945 3193 1031 3254 inter
1058 3209 1095 3255 se

82 3266 247 3344 conferre,
273 3272 307 3329 in
320 3273 409 3345 ipsas
431 3285 493 3345 per
515 3267 738 3328 redactionem
763 3268 884 3335 redire,
910 3276 972 3331 etc.
998 3274 1097 3350 Atqui

79 3347 148 3407 haeo
187 3352 296 3410 omnia
334 3351 446 3409 animae
488 3348 728 3425 simplicitatem
770 3347 881 3426 quoad
920 3354 1096 3414 essentiam

82 3429 304 3503 expostulant.
316 3429 413 3507 Ergo.

119 3508 232 3583 Major
272 3507 395 3569 iactum
432 3510 676 3580 inconcussum,
699 3504 920 3584 omnibusque
948 3512 1095 3585 pervium

81 3584 194 3659 refert,
225 3587 316 3666 quod
339 3586 480 3665 proinde
511 3589 544 3647 in
575 3586 751 3647 discrimen
784 3588 933 3649 revocari
967 3593 1096 3669 nequit.

81 3666 207 3729 'lamen
235 3667 346 3747 quoad
373 3668 509 3743 primam
537 3670 665 3743 partem
694 3665 1021 3729 animadvertendum
1046 3675 1098 3731 est

415 3760 754 3811 Barcv.Pmn.'l'.ll.-5
