2642 4209
248 270 306 331 148
554 285 734 330 saeviamus
755 287 955 332 PlltLOSOPfflAE

245 403 314 464 lem
343 398 516 462 manifeste
545 397 710 476 importat.
743 401 827 480 Ergo
855 400 1051 463 vocabulum
1078 417 1249 477 commune,

243 482 340 561 juxta
381 480 593 560 hypothesim
626 479 845 540 Nominalium
886 487 1067 557 sumptum,
1103 481 1252 545 adornari

247 564 347 624 etlam
368 578 436 623 non
458 563 572 637 posset
594 560 666 619 sine
688 561 807 635 pravis
827 563 1004 623 universati
1026 560 1114 622 idea.

247 702 320 763 246.
343 733 383 746 -
403 689 513 760 Tussis
535 700 571 759 ll.
603 702 779 775 Conceptus
799 701 996 763 unicusules
1020 671 1254 777 fundamentum

288 781 403 841 hubent
423 783 456 840 tn
477 780 583 841 rebus.

290 923 385 982 Nota.
407 921 501 982 Juxta
524 919 778 994 conceptuates,
802 922 835 980 in
860 920 961 982 rebus
986 921 1065 998 ipsis
1090 920 1169 981 nihil
1192 927 1255 981 res-

249 999 415 1080 ponderet
437 1000 652 1077 conceptibus
684 999 932 1074 universalihuS,
961 1005 1017 1078 qui
1041 1006 1153 1062 essent
1175 1018 1255 1062 mere

251 1080 424 1158 subjectivi
463 1083 563 1156 atque
598 1080 743 1156 plurium
777 1081 1040 1143 convenientiam
1075 1081 1255 1142 exhiberent

250 1159 436 1222 secundum
458 1163 603 1220 eumdem
625 1162 740 1219 nentis
760 1161 1057 1221 considerationem.

289 1241 385 1300 Proh.
430 1241 452 1299 l.
497 1235 639 1298 Primum
679 1244 911 1318 argumentum
952 1240 1053 1302 thesis
1091 1241 1257 1318 superioris

249 1321 338 1380 valet
359 1318 459 1380 etiam
481 1326 592 1379 contra
615 1317 857 1396 Conceptuales
880 1337 887 1378 :
911 1335 987 1380 narn
1009 1321 1089 1380 sicut
1111 1322 1257 1382 vocabula

250 1403 328 1460 sunt
347 1397 442 1478 signa
465 1402 697 1476 conceptuum,
719 1401 765 1459 ita
788 1407 967 1475 conceptus
1001 1407 1077 1460 sunt
1106 1401 1200 1478 signa
1217 1417 1257 1460 re-

251 1494 337 1541 rum.

295 1561 329 1620 ll.
363 1560 399 1618 ln
429 1555 606 1637 hypothesi
637 1555 918 1634 Conceptualium,
950 1573 1095 1635 sequens
1126 1563 1258 1636 proposi·
1292 1586 1293 1593 ¹

253 1639 297 1699 tio
315 1659 322 1698 ε
339 1638 454 1699 Petrus
477 1644 527 1698 est
548 1638 659 1708 home,
683 1636 882 1713 significaret
899 1637 1036 1699 :Petrus
1059 1643 1109 1699 est
1123 1638 1196 1699 idea
1209 1656 1259 1700 seu

254 1725 435 1795 conceptus
478 1733 569 1778 mere
601 1717 806 1796 subjectivus
839 1718 991 1779 hominis.
1027 1720 1127 1796 Atqui
1164 1721 1257 1780 verbis
1292 1774 1293 1777 ,

254 1799 405 1876 subjecta
430 1798 593 1858 sententia
614 1813 682 1858 non
704 1801 755 1856 est
775 1797 859 1870 haec;
883 1797 982 1857 homo
998 1799 1086 1858 enim
1100 1799 1257 1860 manifeste

253 1878 444 1956 intelligitur
467 1877 508 1938 de
531 1879 640 1954 aliqua
660 1877 808 1937 realitate
832 1878 1005 1956 objectiva,
1040 1895 1111 1956 que
1142 1880 1176 1938 in
1203 1881 1255 1939 sin·
1292 1880 1293 1935 t

254 1957 341 2035 gulis
361 1955 548 2019 hominihus
569 1973 661 2033 eque
683 1958 858 2018 invenitur.
882 1959 966 2037 Ergo
992 1957 1074 2020 ideae
1103 1960 1257 2020 universa·
1292 1954 1293 1963 ’

247 2038 303 2104 ¹les
326 2052 392 2098 tion
413 2041 489 2099 sunt
511 2040 692 2114 conceptus
714 2053 805 2098 mere
820 2038 1004 2117 subjectivi‚
1029 2040 1150 2115 quibus
1171 2040 1202 2098 in
1221 2057 1259 2100 or·

256 2116 332 2178 dine
356 2107 519 2196 dbjectivo
544 2116 620 2176 nihil
640 2116 872 2192 responderet.

296 2199 346 2256 lll.
370 2197 676 2274 Conceptualismus
690 2197 875 2258 realitalem
890 2200 1101 2259 scientiarum
1125 2198 1259 2274 destruit,

256 2293 332 2336 nam
364 2277 507 2338 scientia
534 2281 611 2336 sunt
638 2276 680 2336 de
705 2277 945 2339 universalibus
972 2276 1070 2356 (143);
1098 2295 1208 2354 porro,
1234 2279 1260 2339 in

254 2357 317 2418 hac
357 2357 544 2437 hypothesi,
585 2358 783 2418 universalia
823 2362 936 2418 essent
976 2357 1137 2419 duntaxat
1178 2358 1260 2420 foetus

254 2438 377 2498 mentis
400 2437 521 2516 quibus
545 2443 635 2496 extra
660 2442 804 2497 mentem
835 2437 915 2498 nihil
947 2442 1161 2516 congrueret.
1192 2441 1259 2517 Ergo

255 2519 393 2578 seientia
425 2523 514 2579 esset
544 2521 670 2577 tantum
702 2515 744 2577 de
775 2520 895 2578 mentis
932 2517 1176 2592 affectionibus
1208 2536 1261 2580 non
1291 2528 1292 2531 ’

256 2601 369 2657 autern
392 2596 434 2658 de
454 2598 566 2657 rebus.

297 2675 367 2737 247.
406 2677 516 2738 schot.
559 2674 683 2736 Omnes
726 2677 871 2736 rationes
915 2691 997 2754 quas
1040 2677 1118 2737 olim
1164 2678 1260 2738 attule-

257 2761 334 2816 runt
370 2760 402 2816 et
437 2756 535 2817 hodie
576 2755 718 2816 afferunt
753 2758 984 2832 conceptuales
1014 2773 1074 2817 seu
1109 2755 1259 2827 idealista‚

259 2836 480 2897 desumuntur
504 2853 545 2896 ex
576 2851 615 2896 eo
638 2834 726 2913 quod
747 2837 974 2897 universalitas
996 2852 1063 2896 non
1084 2839 1127 2898 sit
1156 2836 1260 2898 forma·

256 2917 331 2978 liter
351 2915 386 2975 in
406 2917 517 2977 rebus,
542 2916 608 2976 Sed
630 2917 790 2992 expositio
811 2931 895 2977 verae
917 2918 1082 2978 sententie
1105 2921 1192 2978 circa
1218 2933 1260 2978 na-

257 3003 366 3058 turam
387 2996 621 3057 universalium
642 2995 738 3057 solvit
756 2995 828 3055 illas
848 2997 993 3056 rationes
1020 3013 1082 3056 seu
1102 2998 1186 3058 tollit
1205 3013 1261 3059 om-

256 3093 319 3138 nes
339 3077 571 3155 ambiguitates
594 3075 879 3154 quibusinnititur
893 3076 1197 3152 conceptualismus
1215 3092 1261 3137 seu

257 3157 462 3224 idealismus

257 3303 328 3365 248.
353 3335 391 3344 -
414 3302 521 3361 Tarsis
544 3297 593 3357 ΙΙΙ,
621 3295 851 3359 Universutsias
874 3298 947 3373 ipsc
972 3313 1036 3358 non
1061 3302 1107 3357 est
1129 3297 1262 3372 formeti-

298 3389 348 3444 ter
365 3385 400 3443 tn
421 3380 525 3440 rebus.

300 3525 393 3582 Nutu.
422 3511 478 3580 llic
504 3533 571 3577 non
600 3520 710 3594 agitur
737 3518 860 3580 directe
888 3518 929 3577 de
956 3517 1140 3589 Platonicis,
1167 3517 1217 3596 qui
1233 3522 1261 3578 ut

261 3617 359 3677 supra
383 3597 533 3667 diximus,
557 3602 757 3672 putaverunt
776 3599 972 3658 universalia
988 3613 1061 3656 esse
1082 3599 1201 3658 i'ormas
1214 3614 1261 3674 per

261 3696 297 3740 se
332 3678 560 3744 subsistentes,
584 3681 732 3745 aeternas,
766 3678 1040 3755 incorruptibiles,
1068 3679 1261 3756 asingulari·
