2642 4209
492 293 892 336 nea·.xi³11vsicx
937 294 1249 337 speciixms‘.
1287 313 1362 321 —-
1393 298 1827 341 PSYzznciLthA.
2028 335 2033 338 .
2103 281 2179 339 95
2234 293 2241 299 ·

132 408 530 485 neutiquam
567 424 715 469 vero
751 408 833 467 de
865 410 1191 469 materiali
1222 410 1409 488 (142).
1470 411 1787 473 Potentiae
1823 412 1997 472 enim
2028 417 2181 473 sunt

129 489 362 564 specie
402 489 677 548 diversae
726 505 866 564 quae
945 506 987 549 n
1022 489 1181 549 alias
1213 491 1599 567 superiores
1630 490 1894 552 refundi
1923 509 2176 570 sieque*

129 575 274 629 unt:
296 573 452 629 tunc
484 569 807 629 rationem
833 569 1036 630 solius
1050 573 1232 631 actus
1261 587 1392 630 non
1414 572 1662 632 habent
1691 575 1996 649 respectu
2028 574 2184 634 alia-

129 666 281 708 rum
340 651 806 726 potentiarum.
871 651 1031 708 Dum
1065 651 1238 708 enim
1284 666 1413 710 una
1459 654 1747 728 potentia
1795 653 1960 728 parit
1992 666 2176 710 iis-tua

135 746 420 806 quorum
451 729 697 789 similes
729 726 932 788 edere
964 730 1194 806 nequit
1225 730 1449 800 altera,
1507 737 1618 791 aut
1665 736 1964 791 versatur
1996 734 2172 790 rii-va

136 811 401 887 objecta
427 809 674 886 quaeat)
700 810 924 875 altera,
959 809 1080 868 suh
1097 810 1336 871 eadem
1358 811 1612 887 ratione
1643 810 1921 881 formali,
1948 814 2172 890 attingi

133 898 500 966 nequeunt,
532 890 843 967 colligere
875 906 1229 964 possumus
1259 890 1379 948 has
1410 893 1741 965 pgotentias
1777 907 1925 950 esse
1960 894 2164 950 :livi-i·—

138 986 242 1029 sas
278 989 292 1028 :
350 973 462 1038 ita,
507 987 568 1030 v.
604 985 732 1046 gr„
764 969 941 1029 visus
974 969 1399 1046 distinguitur
1430 970 1510 1028 ab
1543 971 1773 1030 auditu
1818 972 1924 1030 vel
1972 978 2168 1038 timii„

138 1051 513 1109 intellectus
545 1066 580 1109 a
624 1050 985 1120 voluntate,
1050 1052 1202 1126 quia
1248 1066 1356 1109 res
1390 1051 1719 1118 coloratae,
1756 1051 1877 1110 sub
1919 1054 2168 1110 ralinne

137 1129 390 1189 formali
434 1129 690 1198 coloriS,
749 1144 884 1188 non
941 1130 1397 1204 percipiuntur
1426 1132 1505 1189 ab
1541 1131 1773 1189 auditu
1813 1130 1917 1190 vel
1968 1137 2164 1198 tanin.

140 1225 359 1285 neque
401 1211 708 1268 veritates
757 1224 793 1267 a
835 1209 1209 1280 voluntate;
1257 1209 1481 1285 itaque
1513 1211 1849 1288 objectum
1897 1209 2168 1270 foi-ninii³

140 1291 331 1348 unius
386 1286 718 1348 facultatis
775 1289 1043 1348 refundi
1097 1292 1331 1364 nequit
1384 1290 1450 1346 in
1506 1292 1840 1367 objectum
1899 1288 2168 1350 for-niun3

141 1368 427 1428 alterius.
462 1369 630 1443 Ergo
665 1367 1156 1428 exirreductiva
1190 1369 1650 1445 operationum
1676 1376 1739 1428 et
1760 1369 2168 1444 ob‚iecli.·i1·iiin

141 1448 497 1509 formaliter
526 1451 976 1523 spectatorum
992 1449 1388 1510 'diversitate
1425 1448 1789 1510 desumitur
1835 1449 2172 1510 divin-nitas

141 1529 584 1606 potentiarum
618 1531 877 1588 animae.

213 1610 394 1668 Ratio
428 1609 512 1668 ob
559 1624 755 1684 quam
788 1609 1101 1682 potentiae
1136 1605 1629 1685 distinguuntur
1657 1606 2020 1668 formaliter
2056 1626 2172 1686 per

141 1692 317 1749 actus
350 1691 418 1747 et
447 1687 706 1765 objecta
750 1689 817 1748 in
863 1704 940 1747 eo
989 1692 1089 1746 est
1120 1686 1298 1762 quod
1328 1688 1630 1762 potentia
1673 1688 1828 1748 nihil
1864 1696 1964 1747 est
1992 1690 2164 1750 u:iliiui

144 1783 336 1845 quam
366 1768 681 1829 naturalis
714 1766 1024 1843 quaedam
1055 1769 1381 1827 ordinatio
1413 1767 1498 1827 ad
1543 1773 1760 1827 actum
1801 1766 1984 1846 (3633,

218 1847 342 1907 Sed
377 1849 444 1906 in
471 1848 737 1908 homine
769 1847 1005 1922 triplex
1030 1845 1194 1906 ordo
1228 1849 1685 1923 operationum
1711 1846 2016 1926 distingui
2048 1866 2161 1922 μει-

147 1932 289 1998 test,
335 1927 645 1987 nimirum
705 1930 762 1987 l⁰
791 1927 899 1985 ille
932 1925 1041 2004 qui
1078 1942 1189 1985 eas
1247 1929 1710 2004 complectitur
1747 1930 2164 2002 operalitmi··e

145 2009 374 2085 quibus
405 2008 673 2083 praedita
718 2007 975 2066 estvita
1030 2008 1424 2082 vegetativa‚
1472 2008 1535 2066 20
1592 2007 1699 2066 ille
1745 2010 1855 2084 qui
1914 2014 2164 2070 canstat

147 2105 221 2148 ex
256 2089 751 2165 operationibus
778 2087 922 2146 vitae
962 2086 1306 2157 sensitivae,
1358 2085 1646 2163 denique
1686 2089 1747 2147 3³
1804 2087 1964 2146 ordo
2008 2106 2164 2162 npe-

143 2168 460 2229 rationum
513 2167 1076 2228 intellectualium.
1143 2166 1581 2241 Operationes
1650 2170 1846 2228 unius·
1919 2166 2164 2226 ordinis

146 2247 365 2308 reduci
417 2253 766 2323 nequeunt
824 2245 907 2306 ad
968 2246 1388 2322 operationes
1438 2246 1709 2306 alterius
1761 2246 2028 2314 ordinis,
2104 2254 2164 2306 nt

151 2327 379 2388 exinde
426 2344 575 2386 cum
626 2326 895 2387 ordines
935 2327 1059 2402 ipsi
1103 2326 1234 2386 sint
1287 2324 1551 2397 diversi,
1612 2328 1921 2402 potentiae
1972 2326 2164 2386 tinius

141 2409 377 2468 ordinis
446 2411 600 2468 sunt
657 2422 928 2483 prorsus
987 2406 1305 2466 distinctae
1344 2422 1383 2466 a
1423 2405 1846 2465 facultatibus
1894 2406 2160 2466 alini·an

149 2487 405 2548 ordiniS.

225 2569 352 2628 145.
387 2599 462 2608 —
532 2569 625 2625 De
677 2565 1104 2640 facultatibus
1159 2565 1298 2625 vv'toe
1322 2591 1329 2596 ·
1354 2566 1743 2639 veqetativoe.
1798 2565 2160 2623 Facultates

148 2647 278 2710 vitae
312 2646 694 2724 vegetativae
725 2644 810 2705 ad
860 2650 988 2704 tres
1017 2643 1247 2703 reduci
1279 2648 1560 2717 possunt
1600 2644 1702 2722 (11,
1734 2643 1861 2722 77),
1912 2646 2164 2702 sar-ilinnt

153 2730 206 2788 1⁰
234 2726 313 2788 ad
344 2727 707 2804 potentiam
737 2722 1212 2802 generativam,
1242 2724 1309 2783 2Ο
1338 2722 1422 2783 ad
1448 2723 1814 2800 potentiam
1845 2741 2160 2802 augmen-

149 2810 418 2878 tativam,
469 2807 531 2866 3⁰
559 2803 645 2865 ad
685 2808 816 2867 vim
846 2804 1244 2864 nutritivam.

221 2888 351 2947 Istae
387 2886 693 2962 potentiae
729 2884 1152 2960 reperiuntur
1179 2881 1244 2941 in
1274 2882 1566 2953 homine,
1601 2881 1669 2942 in
1725 2900 1856 2960 quo
1902 2885 2160 2944 inveni-

152 2971 247 3027 tur
268 2968 368 3027 hic
396 2965 559 3027 ordo
593 2966 829 3040 triplex
858 2966 1022 3024 vitae.
1073 2963 1423 3023 Generatio
1468 2965 1841 3039 generatim
1874 2970 2160 3038 sumpta}

148 3062 372 3122 nempe
415 3048 613 3123 prout
658 3044 740 3105 de
800 3045 1062 3104 entibus
1119 3039 1563 3113 inferioribus,
1598 3041 1681 3102 de
1739 3043 2024 3110 homine„
2076 3042 2160 3102 de

147 3128 270 3186 Deo
300 3127 490 3187 simul
521 3126 652 3184 dici
695 3129 936 3201 potest,
986 3121 1241 3183 definiri
1271 3122 1463 3194 solet,
1498 3126 1649 3198 post
1678 3122 1741 3183 S.
1788 3123 2104 3183 Thoniam
2144 3142 2156 3182 :

153 3209 332 3282 Oriqo
359 3207 624 3266 viventis
679 3223 719 3265 a
740 3205 1068 3279 principio
1121 3203 1367 3261 vivente
1423 3203 1759 3277 conjuncto
1814 3206 2160 3265 securitatem

150 3286 616 3346 similitudinem
644 3285 931 3360 ejusdem
957 3287 1212 3343 naturae
1243 3301 1262 3340 .·
1289 3281 1444 3340 hinc
1471 3281 1566 3341 vis
1595 3285 1976 3358 generativa
2008 3282 2152 3342 uni-

149 3365 360 3426 versim
417 3366 717 3441 inspecta
773 3380 853 3423 ea
910 3366 1011 3423 est
1067 3362 1363 3438 potentia
1396 3376 1525 3437 qua
1561 3362 1791 3422 vivens
1829 3365 2156 3438 propriam

153 3445 350 3522 specie
377 3452 678 3506 naturam
709 3443 899 3504 alicui
931 3440 1395 3511 communicat,
1432 3441 1493 3500 ei
1523 3457 1671 3501 esse
1696 3441 2068 3502 tribuenda.

221 3526 345 3586 146.
378 3559 456 3568 -
486 3529 578 3591 De
616 3523 1046 3599 facultatibus
1095 3523 1242 3580 vitae
1278 3522 1613 3580 sensitivae.
1665 3520 1968 3581 Potentia]
2016 3522 2156 3582 vitffl

157 3606 421 3666 animalis
464 3611 530 3666 et
575 3603 982 3664 intellectivae
1011 3602 1079 3661 in
1135 3599 1457 3676 triplicem
1512 3599 1814 3660 ordinem
1870 3599 2156 3674 dispesci

156 3691 428 3762 possunt,
476 3699 724 3762 nempe
752 3686 819 3744 in
846 3680 1181 3760 potentias
1229 3681 1667 3754 coynoscendi,
1721 3682 2064 3754 appetendi:
2096 3686 2156 3738 et
