2642 4209
452 246 544 310 innsx
564 241 773 309 smannens(

101 384 133 435 et
147 378 265 444 infinito
279 363 412 451 quotidie
426 362 654 452 fleretadditi03
670 384 701 451 2?
715 376 803 449 plura
818 374 918 430 essent
932 374 1030 429 intini-

100 456 133 507 ta
158 466 286 522 quorum
310 466 402 507 unum
425 454 599 506 succederet
622 450 719 519 alteri,
739 444 923 517 etc.,‚Scliot.
944 446 1031 517 Ratio

1059 242 1118 305 265

100 522 261 577 sententiae
285 522 459 589 affirmantis
484 539 491 576 :
517 521 670 585 aeternitas
692 534 753 575 non
772 516 921 589 repugnat
936 532 1033 587 neque
1102 524 1105 531 “

100 594 316 664 exportabat,
337 608 433 664 neque
457 608 493 647 ex
516 596 601 663 parte
625 592 747 662 mundi„
765 604 860 658 neque
873 603 922 657 ex
945 590 1033 658 parte

100 664 198 734 ipsius
220 666 390 721 creationis.
417 659 518 720 Corol.
543 666 620 733 Ergo
645 663 771 718 materia
785 675 844 717 non
860 662 906 714 est
920 658 1031 744 sempi-

100 738 305 865 teffisrslv.
319 806 353 862 M
356 776 462 861 andus
477 802 606 859 relative
623 784 761 873 talaiam,
777 816 844 856 nen
859 802 966 869 autem
981 798 1030 854 ab·

101 875 216 940 solute,
238 877 304 932 dici
324 880 422 947 potest
439 881 589 931 omnium
603 865 809 945 possibilium
826 872 978 942 optimus
999 870 1047 925 Id¹

102 951 210 1002 contra
223 948 426 1010 Leibnitzium.
443 945 536 1002 Prota.
555 947 584 1002 1ὃ
599 962 689 1017 pers:
705 948 783 1000 Deus
797 940 894 999 media
909 941 1030 1013 aptissi-

1062 797 1064 801 ,
1086 728 1119 785 13

102 1032 152 1073 ma
166 1017 219 1073 fini
236 1020 389 1089 proposito
405 1018 627 1073 accommodare
642 1016 730 1071 debet
745 1026 764 1070 ‘:
787 1028 878 1085 porro
893 1012 1030 1069 'mundus
1080 1070 1084 1079 ,

101 1088 251 1144 rationem
275 1089 363 1145 medii
385 1090 482 1144 habet.
508 1092 595 1157 Ergo.
615 1092 647 1153 2¹¹
663 1088 751 1142 Parc.
773 1088 903 1156 1⁰Deus,
919 1085 1031 1156 quiesi
1082 1130 1087 1137 ,.

100 1159 189 1223 liber,
216 1160 253 1214 ad
276 1161 420 1232 optimum
436 1158 618 1229 seligendum
633 1173 693 1214 non
708 1156 875 1217 necessario
890 1159 1029 1226 tenetnr3

100 1234 133 1285 2ο
158 1230 287 1286 mundus
311 1234 357 1286 est
379 1230 579 1286 manifestatio
607 1229 773 1288 divinarum
800 1222 1028 1298 perfectionum,
1097 1272 1099 1276 ,

101 1301 289 1428 quaepmtffis·
315 1318 350 1357 ac
372 1302 466 1372 magis
492 1302 528 1356 ab
553 1314 642 1372 opere
665 1298 759 1355 finito
772 1299 899 1369 possunt
914 1306 1032 1367 semper

101 1386 182 1427 mam
196 1386 228 1427 es
261 1387 299 1427 rr.
733 1390 736 1395 ·

489 1460 735 1522 ARTlCULUSlI.
758 1514 759 1519 ,
824 1500 826 1507 ,
859 1520 861 1525 A
939 1506 941 1517 ι
1002 1516 1004 1520 ,

383 1562 387 1575 ’
446 1571 448 1574 ·
537 1558 574 1611 lle
587 1556 687 1625 spolio.
829 1574 831 1581 ·

339 1658 357 1720 ἓ
371 1655 396 1709 1.·
408 1658 448 1710 De
462 1646 558 1726 spatio
573 1654 726 1724 speciatim
742 1655 885 1724 inspecto.

136 1751 169 1803 ln
183 1752 290 1806 natura
306 1753 393 1822 spatii
408 1752 633 1807 determinanda
648 1766 708 1806 non
727 1751 909 1807 conveniunt
931 1750 1029 1820 philo-

100 1820 188 1889 sophi
213 1838 220 1874 :
246 1822 369 1887 Quidam
392 1822 467 1878 falso
481 1823 587 1892 putant
602 1823 731 1891 spatium
745 1836 811 1878 esse
825 1822 1029 1877 extensionem

99 1904 277 1960 corpoream
304 1896 372 1948 actu
401 1894 546 1949 infinitam
570 1897 600 1949 et
623 1894 797 1948 increatam.
821 1897 852 1947 2⁰
879 1891 1027 1959 Clarkius,

98 1962 278 2017 Newtonius
291 1967 321 2017 et
336 1964 384 2018 alii
398 1967 506 2035 putant
527 1965 655 2034 spatium
678 1980 743 2019 esso
766 1964 817 2019 Dei
841 1963 1027 2017 immensita-

97 2034 173 2113 tem,
189 2032 220 2087 in
235 2048 292 2103 qua
305 2035 430 2104 proinde
444 2039 545 2091 essent
557 2039 660 2107 partes
674 2038 759 2090 extra
772 2039 884 2105 partes.
905 2034 936 2089 3⁰
955 2036 1029 2088 Kan-

97 2106 168 2228 trust
172 2105 314 2229 Ι1111111111]
337 2106 425 2162 habet
450 2110 483 2161 ut
506 2108 630 2162 formam
659 2107 855 2178 subjectivum
878 2103 1029 2161 facultatis

97 2186 154 2228 sen
171 2188 217 2229 ren
240 2190 259 2229 1.

134 2246 245 2301 Tussis
263 2248 283 2301 Ι.
306 2246 457 2316 Spatium
479 2246 561 2301 reale
581 2252 626 2303 est
645 2226 787 2303 'extensio
802 2245 897 2301 realis
912 2246 948 2300 iri
964 2261 1027 2316 qua

95 2329 134 2371 oo
177 2330 231 2371 ora
245 2319 461 2381 continentur,
475 2319 618 2389 siquidem
632 2320 733 2389 potest
747 2318 924 2388 mensurari,
938 2330 1029 2386 porro

1085 1369 1119 1424 15

96 2386 180 2441 nula
196 2387 285 2442 realis
306 2391 488 2444 mensuratio
503 2403 567 2444 sine
585 2389 761 2459 corporibus
779 2388 918 2444 realibus.
937 2390 1024 2455 Ergo.
1082 2410 1085 2417 ·

133 2455 303 2512 Scholium
318 2462 337 2514 l.
354 2462 486 2529 Spatium
502 2459 694 2533 mundanum,
710 2463 758 2515 est
781 2460 916 2515 extensio
931 2461 1028 2514 conti·
1055 2458 1057 2465 ’

97 2541 159 2583 nna
172 2528 204 2583 in
219 2542 277 2597 qua
291 2532 482 2587 continentur
497 2545 633 2601 corpora.
647 2540 651 2545 ’

133 2598 270 2656 Scholll.
279 2602 410 2671 Spatium
420 2604 519 2671 potest
528 2601 620 2657 dividi
630 2603 661 2657 in
671 2601 1029 2656 internumetexternum.
1053 2578 1055 2584 ¹

133 2671 244 2725 Tussis
258 2674 289 2727 ΙΙ.
303 2671 454 2741 Spatium
469 2673 651 2728 absolutum
667 2671 755 2726 nihil
769 2670 861 2725 aliud
875 2670 1026 2741 objectiva

98 2742 145 2794 est
163 2756 259 2811 quam
284 2744 480 2811 possibilitas
494 2744 591 2813 spatii
611 2742 716 2814 malie,
738 2742 882 2813 siquidem
901 2756 960 2796 non
979 2744 1026 2796 est

98 2811 211 2882 aliquid
229 2812 309 2867 reale
328 2828 425 2884 neque
444 2815 568 2869 nihilum
586 2828 706 2884 purum.
727 2811 833 2869 Schol.
853 2815 873 2872 Ι,
894 2812 940 2866 Ad
954 2827 1027 2867 con·
1078 2848 1079 2851 η

97 2880 230 2938 flandum
250 2888 425 2954 conceptum
444 2886 532 2955 spatii
550 2884 716 2955 imaginarii
735 2885 918 2938 concurrunt
938 2883 1027 2938 intel-

98 2952 194 3008 lectus
212 2956 244 3009 et
289 2955 426 3023 aginatio.
442 2955 548 3011 Schol.
564 2958 595 3012 11.
612 2955 797 3011 Immeneitas
811 2954 911 3021 divina
925 2954 1026 3012 haberi

96 3026 196 3094 potest
211 3028 245 3080 nt
272 3025 483 3083 undamentum
499 3027 587 3097 spatii
602 3026 780 3096 imaginarii.

497 3119 515 3181 ἓ
530 3117 562 3171 Il.
578 3117 618 3170 De
633 3110 709 3171 loco.

131 3212 226 3266 Locus
240 3214 286 3266 est
301 3211 429 3282 spatium
443 3214 533 3267 certis
548 3212 691 3267 limitibus
707 3210 938 3267 determinatum
956 3229 962 3265 ε
979 3209 1027 3266 (11-

96 3280 158 3335 vidi
176 3285 277 3352 potest
295 3283 326 3337 in
346 3283 540 3339 intrinsecum
561 3286 593 3338 et
616 3283 829 3337 extrinsecum.
851 3307 885 3320 —
908 3280 1025 3353 Aliquid

95 3355 193 3421 potest
208 3367 273 3409 esse
286 3356 317 3409 in
332 3353 396 3408 loco
411 3354 672 3425 circumscriptive·
682 3353 731 3407 vel
744 3351 908 3407 definitive.
986 3352 990 3361 '
1009 3350 1012 3357 ’

131 3425 242 3479 Tussm
256 3427 276 3480 Ι.
293 3425 395 3479 Locus
408 3428 514 3480 stricte
529 3430 574 3480 est
588 3422 775 3495 superficies
790 3422 907 3477 ultima
921 3425 951 3478 el
965 3423 1026 3479 im·

99 3493 226 3549 mobilis
240 3496 342 3557 unius
356 3497 498 3563 corporis
511 3496 598 3550 eliud
612 3494 792 3550 ambientis.
804 3496 878 3549 Nam
888 3494 970 3550 locus
979 3498 1025 3550 est

97 3565 226 3635 tspaium
244 3567 324 3637 quod
338 3567 465 3621 locatum
480 3568 622 3622 continet.

133 3638 245 3693 Trfflffls
259 3638 289 3693 Π.
308 3636 446 3708 Corpora
462 3637 652 3694 naturaliter
666 3638 743 3692 suaet
757 3636 794 3691 iri
806 3634 873 3692 loco
889 3636 1024 3693 circum·

1081 3026 1115 3080 19

1081 3353 1114 3407 19

1076 3556 1111 3621 20
