2642 4209
476 294 556 355 66
1087 309 1445 353 ssRm'iAmUM
1486 308 1888 354 PfflLOSOPfflAE

478 422 665 483 ideas
693 425 760 483 in
789 420 1170 486 indivisibili
1206 419 1456 495 positas
1486 418 1636 491 dici,
1686 419 1837 480 ideo
1882 419 2036 498 quia
2075 427 2233 484 sunt
2258 423 2526 500 aliquid

476 513 704 574 unum,
739 518 814 561 ac
845 503 1074 577 augeri
1098 504 1212 559 aut
1241 500 1442 558 minui
1471 505 1819 577 nequeunt
1846 503 2004 578 quin
2039 506 2463 578 perimantur
2506 520 2520 561 ε

477 599 537 641 v.
569 598 697 661 gr,
730 582 811 642 ab
852 583 1002 639 idea
1041 581 1345 645 bominis,
1390 581 1727 658 trianguli,
1774 582 2093 657 quadrati,
2146 586 2299 654 etc„
2356 582 2529 642 nihil

481 669 697 737 poti-st
728 661 947 721 divelli
978 661 1135 737 quin
1165 659 1298 717 haec
1328 656 1479 718 idea
1517 662 1727 718 statim
1769 666 2146 730 evanescat,
2197 678 2326 723 seu
2376 676 2524 723 non

481 745 753 817 amptius
781 742 1212 815 repraesentet
1240 737 1347 814 obj
1359 747 1568 798 ectum
1596 742 1698 797 cui
1717 740 2184 815 respondebat.

565 825 770 880 Μένων
843 820 1160 880 duntaxat
1209 819 1430 893 aliqua
1495 820 1889 894 probatione
1952 818 2233 898 indiget,
2279 818 2522 898 quoad

481 901 809 973 duplicem
842 915 972 975 qua
995 898 1302 958 coalescit
1331 901 1606 972 partem.

569 985 621 1037 1²¹
661 985 819 1038 Pars
846 978 1137 1036 minoris.
1171 978 1234 1035 Si
1266 978 1474 1037 anima
1509 980 1687 1036 esset
1718 980 2098 1053 composita,
2150 982 2305 1037 tunc
2360 980 2520 1039 idea

481 1057 777 1133 isuaia-,lam
808 1062 988 1117 esset
1013 1059 1124 1125 vel
1161 1060 1214 1116 l⁰
1236 1057 1301 1114 in
1334 1073 1565 1116 omnes
1589 1062 1811 1131 partes
1840 1058 2064 1117 anim-ne
2116 1057 2347 1126 divisa,
2406 1059 2517 1119 vel

477 1141 537 1197 ii·
577 1145 708 1197 tnta
737 1142 800 1196 in
823 1153 956 1197 una
989 1142 1233 1197 tantum
1268 1141 1479 1211 parte,
1521 1138 1627 1195 vel
1656 1137 1719 1196 3‘
1751 1140 1884 1196 tota
1907 1140 1972 1195 in
2003 1137 2278 1215 singulis
2303 1140 2515 1213 parzi-

481 1221 621 1273 iius.
657 1217 853 1293 Atqui
882 1217 1109 1275 horum
1136 1216 1386 1274 nullum
1424 1214 1549 1273 dici
1581 1220 1800 1290 potest
1832 1232 1846 1272 ε
1879 1217 2035 1275 Nam

565 1301 582 1357 l
649 1301 710 1357 Εἰ
745 1300 928 1355 esset
971 1294 1174 1354 divisa
1203 1292 1270 1354 in
1299 1298 1509 1356 varias
1554 1304 1771 1370 partes
1800 1292 2086 1373 subjecti
2128 1297 2510 1371 compositi,

481 1381 625 1433 tuin·
673 1376 942 1453 singulae
994 1382 1219 1449 partes
1275 1389 1459 1433 suam
1526 1380 1747 1434 notam
1821 1377 2134 1435 baberent
2209 1375 2291 1435 ab
2360 1376 2512 1435 aliis

477 1457 848 1515 fluuialibus
891 1456 1202 1521 avulsam,
1241 1460 1304 1511 et
1337 1453 1571 1513 exinde
1602 1453 1751 1513 idea
1783 1455 1914 1513 haec
1946 1470 2079 1514 non
2112 1458 2289 1514 esset
2321 1457 2506 1530 posi-

473 1545 529 1593 ta
569 1555 625 1589 ·ι-.ι
653 1533 1046 1601 indivisibili,
1077 1533 1197 1593 sed
1229 1540 1320 1592 tot
1353 1538 1577 1592 essent
1601 1531 1860 1593 realiter
1879 1533 2062 1603 ideae,
2091 1538 2514 1609 quotessent

473 1625 689 1689 finitas
734 1615 934 1690 hujus
985 1614 1377 1687 compositi:
1417 1617 1649 1688 practer
1699 1615 1865 1673 enim
1918 1616 2138 1687 partes
2193 1613 2361 1673 nihil
2404 1622 2512 1673 est

473 1709 557 1769 qu
593 1697 649 1753 ·÷.l
708 1695 923 1770 possit
979 1694 1283 1753 notiones
1344 1694 1409 1751 in
1470 1708 1675 1751 uniam
1741 1691 2077 1768 quoddam
2144 1693 2503 1770 coliigere.

473 1777 649 1829 Ninia
697 1776 896 1851 igitur
940 1779 1115 1831 esset
1162 1771 1447 1847 cognitio
1502 1772 1705 1847 hujus
1763 1769 1947 1842 ideae,
2009 1775 2342 1848 quatenus
2403 1778 2510 1833 est

465 1861 665 1909 :summa
708 1851 1091 1913 indivisibile
1142 1850 1412 1909 diversis
1456 1849 1829 1910 notionibus
1874 1859 2202 1911 constans

549 1937 592 1989 :i
649 1933 705 1989 Si
752 1938 882 1992 tota
912 1931 1063 1990 idea
1091 1931 1158 1989 in
1185 1946 1320 1989 una
1362 1934 1605 1988 tantum
1646 1936 1832 2006 parte
1863 1930 2205 2006 compositi
2236 1930 2500 1992 reside-

465 2017 585 2069 risi⁴
625 2017 774 2069 tunc
806 2015 1030 2087 posset
1055 2010 1244 2069 eliam

545 2097 577 2145 :i
649 2093 798 2150 Esse
833 2094 965 2151 tota
993 2090 1060 2149 in
1089 2086 1366 2165 singulis
1395 2086 1711 2162 partibus,
1749 2090 1816 2147 et
1855 2086 2047 2147 toties
2093 2087 2503 2166 multiplica-

461 2177 637 2229 retur
685 2168 830 2229 idea
867 2170 1011 2229 haec
1061 2173 1222 2245 quot
1263 2168 1332 2226 in
1381 2166 1594 2226 anima
1637 2170 1792 2227 sunt
1837 2171 2081 2241 partes,
2129 2173 2206 2228 ut
2253 2185 2378 2245 per
2419 2187 2500 2231 se

461 2249 876 2309 manifestum
921 2254 1039 2309 est.
1090 2244 1247 2307 Inde

545 2333 742 2389 tinnio
786 2343 1125 2404 nunquam
1164 2341 1358 2385 unam
1403 2324 1715 2385 duntaxat
1748 2325 2026 2403 alicujus
2075 2327 2171 2385 rei
2212 2326 2501 2389 haberet

457 2409 697 2473 illei-:nm
742 2408 862 2469 sed
905 2409 1300 2476 innumeras,
1334 2404 1509 2481 quod
1544 2406 1972 2479 experientiae
2004 2405 2296 2466 evidenti
2329 2423 2492 2469 con·

457 2489 729 2548 mammii.

537 2569 593 2625 ὲ-,ἐὶ
641 2570 866 2625 contra
905 2565 1075 2625 hanc
1121 2563 1572 2638 probationem
1620 2562 1953 2622 diceretur
1987 2580 2186 2623 unam
2230 2572 2489 2641 partem

457 2649 772 2705 duntaxat
815 2642 1048 2704 eodem
1098 2648 1391 2718 tempore
1441 2643 1687 2703 habere
1738 2640 1951 2702 ideam
2007 2659 2130 2703 seu
2192 2649 2488 2720 operari,

453 2733 517 2785 et.
565 2729 644 2785 ita.
693 2724 980 2785 diversas
1037 2721 1221 2784 ideas
1277 2724 1650 2782 successive
1709 2722 2006 2782 residere
2068 2726 2135 2783 in
2201 2722 2489 2786 diversis

453 2809 749 2881 partibus
798 2804 1019 2875 totiuS,
1066 2801 1135 2864 id
1177 2802 1354 2863 nullo
1399 2805 1591 2876 pacto
1644 2803 1951 2862 sustineri
1996 2806 2224 2877 posset
2269 2822 2285 2862 ε
2332 2820 2492 2866 nam

457 2889 509 2945 Γ·
557 2889 685 2945 11:13⁴:
728 2886 887 2944 ratio
931 2886 1307 2943 successiva
1356 2882 1641 2956 partium
1692 2881 2118 2958 cogitanti-:m
2176 2886 2279 2943 est
2320 2899 2480 2963 gra-

453 2969 605 3021 tuitu
673 2978 935 3037 prorsus
997 2968 1062 3023 et
1121 2962 1395 3025 inutilis:
1463 2960 1594 3021 imo
1648 2964 1716 3021 et
1767 2961 2051 3021 absurda
2099 2980 2114 3021 :
2163 2977 2313 3022 nam
2382 2968 2483 3026 tot

449 3045 1005 3105 ciiiistiluerentur
1044 3042 1260 3103 vitalia
1304 3042 1647 3117 principia.
1694 3055 1815 3099 seu
1845 3044 2093 3113 animas,
2121 3045 2294 3118 quot
2322 3048 2487 3104 sunt

445 3133 686 3197 parti-s.
723 3123 901 3182 etita
946 3121 1029 3181 ad
1062 3120 1564 3196 explicationem
1594 3120 1853 3196 planam
1900 3124 1967 3181 et
1996 3120 2119 3190 sibi
2152 3121 2482 3183 cohaeren-

449 3209 569 3265 lain
629 3200 1105 3268 declinandam,
1163 3199 1568 3277 hypotheses
1619 3202 1851 3259 inanes
1898 3204 1967 3260 et
2017 3205 2481 3263 commentitiae

445 3285 944 3341 ilsu'ilittffrentur.
995 3282 1061 3341 2⁰
1113 3280 1429 3340 Praeterea
1479 3278 1613 3338 istae
1669 3282 1892 3353 partes
1941 3282 2097 3340 sunt
2140 3282 2479 3356 simplices

441 3369 541 3421 viil
593 3363 961 3438 cumpositae
1019 3380 1033 3419 :
1091 3360 1147 3419 si
1188 3364 1503 3435 tanquam
1556 3358 1877 3433 simplices
1924 3358 2277 3425 habentur,
2312 3363 2477 3423 tunc

437 3441 775 3501 fatendum
811 3444 911 3499 est
939 3438 1330 3515 principium
1364 3439 1663 3514 cogitans
1695 3453 1843 3497 esse
1873 3438 2183 3514 simplex3
2217 3441 2273 3501 si
2300 3455 2475 3501 com-

433 3525 657 3597 passini
724 3524 900 3591 sunt,
975 3518 1194 3580 omnia
1260 3514 1579 3576 redibunt
1658 3515 2080 3577 incommoda
2160 3521 2472 3595 superius

437 3602 843 3661 enumerata.

517 3681 593 3741 list
621 3681 786 3741 Pars
825 3677 1119 3739 minoris.
1166 3672 1300 3735 Sed
1330 3672 1565 3748 anima,
1595 3675 1672 3733 ut
1707 3688 1940 3736 omnes
1966 3675 2205 3750 sciunt,
2238 3676 2467 3752 plures
