2642 4209
276 269 476 317 usrlrnrslca
495 272 651 319 srucmus.
669 288 707 299 ·-
722 274 827 317 runca.
849 274 917 318 nar.
1045 256 1105 319 233
1165 271 1167 276 '

124 383 241 443 Probo
252 384 421 445 minorem.
439 384 554 461 Quoad
569 377 709 461 primam
728 392 867 462 partem,
894 386 1031 449 evidens
1057 394 1107 452 est

84 466 261 524 creaturas
275 463 460 528 secundum
475 481 549 526 esse
563 464 671 526 ideale
687 468 887 528 constituere
904 469 1106 530 terminatio·

83 556 169 602 nem
193 543 418 607 invariabilem
443 548 477 605 et
501 550 672 619 aeternam;
698 550 775 606 sunt
800 546 889 607 enim
906 548 978 624 ipsa
998 548 1107 610 divina

84 623 250 692 essentia,
267 629 431 701 quatenus
446 628 497 686 est
510 626 677 704 objectum
693 624 791 688 divini
805 626 994 687 intellectus
1008 626 1102 707 (299).

84 700 177 779 Ergo
194 703 358 781 ejusmodi
374 706 568 782 terminabo,
584 719 655 782 qua
673 704 880 769 immutabilis
900 710 960 782 est,
982 709 1107 769 nullam

85 795 230 858 prorsus
243 782 389 860 implicat
402 788 437 847 in
452 787 520 846 Deo
536 786 761 848 mutationem.

130 860 202 923 Sed
228 860 398 925 difficultas
420 866 528 926 solum
552 868 603 925 est
623 880 665 925 an
689 863 812 941 aliquid
831 864 1018 927 mutationis
1035 863 1105 926 Deo

87 940 236 1080 attccedat
258 941 337 1004 dum
360 945 552 1006 terminatur
574 942 618 1005 ad
642 948 808 1005 creaturas
830 944 864 1003 in
889 944 1006 1022 seipsls
1022 944 1105 1005 exis·-

102 1026 229 1083 entes:
449 1043 451 1048 ·

130 1101 155 1160 Ι.
172 1102 369 1162 Terminatio
383 1101 565 1177 multiplex,
582 1100 723 1174 diversa,
740 1104 925 1165 successiva
939 1102 1105 1181 operatio·

87 1194 170 1241 num
186 1182 247 1242 Dei
261 1181 304 1242 ad
319 1185 411 1243 extra
424 1182 458 1243 in
472 1183 578 1242 Deum
597 1181 848 1244 mutabilitatem
869 1182 1053 1257 induceret,
1079 1182 1108 1242 si

87 1257 192 1339 hujus
220 1259 456 1324 terminationis
479 1262 619 1323 varietas
640 1260 763 1339 inipso
783 1261 942 1339 principio
964 1278 1105 1341 cognos-

90 1343 192 1401 cente
209 1348 242 1403 et
253 1340 385 1403 volente
402 1340 623 1402 diversitatem
637 1345 770 1402 actuum
784 1342 972 1403 necessario
998 1342 1108 1418 exige-

88 1424 154 1479 ret.
178 1421 307 1481 Etenim
331 1437 372 1481 ex
394 1420 610 1482 mutabilitate
635 1422 872 1482 terminationis
895 1421 976 1484 nihil
994 1419 1109 1483 inferri

89 1504 206 1577 potest
228 1500 271 1561 ad
294 1500 443 1577 principii
466 1500 730 1573 mutabilitatem,
755 1501 818 1562 nisi
842 1502 962 1563 modus
987 1501 1107 1580 objecti

93 1578 296 1641 determinet
309 1578 446 1641 modum
461 1582 640 1655 operantis.

131 1660 232 1737 Atqui
242 1657 361 1721 falsum
371 1675 580 1736 consequens
593 1678 600 1718 :
615 1674 694 1720 nam
709 1661 739 1721 lt
752 1661 842 1721 Deus
857 1664 906 1721 est
922 1674 981 1721 ens
991 1673 1106 1721 neces·

91 1740 229 1811 sarium,
246 1746 278 1801 et
293 1739 412 1801 exinde
427 1756 446 1800 a
462 1739 599 1800 termino
615 1739 799 1801 extrinseco
821 1739 1031 1801 determinari
1051 1743 1107 1800 aut

90 1817 246 1895 pendere
259 1819 348 1880 nullo
363 1818 462 1880 modo
478 1820 558 1896 quit.
574 1820 606 1879 2⁰
619 1820 790 1880 successio
815 1823 848 1881 et
871 1819 1006 1883 mutatio
1032 1834 1106 1881 esse

92 1903 210 1977 posset
232 1898 266 1957 in
291 1900 359 1960 Deo
385 1898 463 1961 dum
488 1902 655 1959 creaturas
678 1898 830 1977 intelligit
848 1902 881 1959 et
900 1899 981 1971 vult,
1002 1896 1029 1959 si
1050 1914 1106 1961 eas

92 1978 227 2039 nonnisi
240 1978 390 2055 pluribus
410 1978 537 2039 actibus
554 1982 771 2057 cognosceret
784 1984 818 2039 et
830 1979 946 2052 vellet;
964 1978 1105 2041 seduno

93 2057 285 2134 eodemque
299 2062 375 2119 actu
390 2061 559 2137 cognoscit
574 2062 607 2118 et
623 2062 692 2119 vult
712 2059 813 2133 Deus,
834 2056 995 2135 quidquid
1016 2064 1108 2119 extra

94 2152 131 2199 se
144 2140 230 2208 vult;
247 2136 370 2199 infinita
386 2138 472 2199 enim
486 2135 643 2213 perfectio
663 2138 760 2217 hujus
782 2142 874 2200 actus
893 2136 971 2198 facit
988 2142 1026 2198 ut
1044 2141 1107 2199 iste

92 2220 200 2296 possit
227 2217 269 2278 ad
297 2219 404 2294 plura,
432 2218 567 2287 diversa,
596 2218 783 2287 successivo,
815 2217 1038 2297 contingentia
1071 2232 1107 2279 se

94 2296 276 2358 extendere
291 2300 371 2375 quin
385 2297 529 2357 mutetur
545 2315 552 2357 :
568 2297 658 2357 nulla
673 2294 856 2358 deficientia
878 2298 912 2357 in
936 2298 1005 2360 lieo
1032 2313 1108 2358 con·

94 2375 158 2453 cipi
173 2379 292 2452 potest.
309 2378 410 2455 igitur
422 2376 600 2438 relationes
612 2378 731 2450 reales,
746 2375 849 2453 ipsius
864 2376 992 2438 termini
1008 2377 1109 2438 creati

94 2457 136 2517 ad
162 2457 269 2518 Deum
293 2460 478 2530 mutantur;
503 2454 564 2516 sed
581 2456 694 2518 relatio
713 2456 812 2534 hujus
828 2472 961 2517 summa
975 2458 1107 2519 unitatis

94 2535 137 2597 ad
166 2541 334 2597 creaturas
357 2550 423 2596 non
446 2540 557 2612 potest
578 2535 697 2595 mutari
722 2538 802 2613 quin
826 2538 897 2612 ipsa
920 2539 1029 2597 unitas
1049 2535 1108 2599 fiat

95 2616 206 2690 aliquo
222 2613 321 2677 modo
337 2615 507 2692 multiplex
522 2631 583 2676 seu
598 2615 778 2691 composita
792 2614 841 2694 (ll,
857 2612 939 2693 350).

134 2695 172 2756 ll.
202 2696 292 2757 Deus
319 2711 380 2773 per
405 2695 465 2756 has
498 2696 707 2773 operationes
737 2693 902 2756 diceretur
928 2694 1105 2763 mutabilis,

94 2779 260 2852 quatenus
284 2774 377 2837 lieret
399 2777 433 2837 in
456 2776 527 2851 ipso
551 2790 705 2835 accessus
725 2776 777 2835 vel
797 2790 950 2835 recessus
969 2774 1106 2851 alicuius

93 2855 273 2917 relationis.
302 2855 400 2932 Atqui
421 2853 456 2915 id
480 2853 652 2915 manifeste
677 2858 843 2933 repugnat
865 2853 1019 2931 perfectae
1046 2856 1106 2915 Dei

95 2934 296 3011 simplicitati
322 2956 330 2996 :
368 2935 494 2995 «Deus
518 2934 657 3010 simplex
683 2941 743 3006 est,
767 2932 811 2995 ait
832 2934 861 2993 S.
890 2932 1105 3013 Augustinus,

96 3016 173 3091 quia
196 3014 260 3076 hcc
282 3019 333 3075 cst
354 3013 444 3090 quod
465 3013 566 3075 hebet
590 3012 1104 3093 ›,seujuxtaeffatumsch01ae·:

96 3095 256 3169 quidquid
268 3097 313 3154 cst
327 3096 362 3153 ic
374 3096 452 3164 Dec,
471 3096 556 3153 Deus
579 3100 632 3155 cst.
657 3094 742 3173 Ergo
774 3109 842 3153 non
868 3098 919 3153 est
942 3092 1106 3155 mutabilis

96 3188 157 3251 per
170 3189 342 3235 accessum
356 3173 409 3232 vel
422 3186 591 3233 recessum
606 3172 748 3250 alicujus
760 3170 938 3235 relationis.

135 3253 187 3313 lll.
204 3252 265 3315 Per
279 3251 468 3327 acolcpicm
482 3250 691 3315 confirmatur
703 3252 865 3329 probatio.
887 3250 1105 3328 Multiplicitas

97 3333 324 3409 operationum
349 3347 453 3392 exeo
478 3330 629 3408 procedit
650 3334 684 3393 in
714 3329 865 3393 essentiis
891 3330 989 3393 finitis
1015 3329 1105 3407 quod

100 3426 212 3473 earum
235 3411 446 3486 operationes
468 3411 510 3473 ob
533 3418 654 3474 natura
669 3412 898 3475 limitationem
921 3424 1053 3487 semper
1075 3414 1107 3471 et

98 3492 285 3553 necessario
308 3492 343 3550 in
368 3490 476 3568 aliquo
500 3489 667 3553 deficiunt.
688 3490 889 3568 Impossibile
909 3503 988 3569 ergo
1006 3492 1108 3552 estut

100 3570 250 3648 quelibet
264 3574 414 3631 creatura
436 3570 533 3631 unico
558 3575 634 3632 actu
658 3572 768 3631 omnia
791 3571 928 3650 attingat
951 3568 1102 3645 objecta;

99 3649 176 3712 inde
219 3651 290 3729 ipsa
326 3654 450 3711 naturae
483 3650 630 3713 limitatio
664 3650 938 3727 multiplicitatem
972 3654 1104 3710 actuum
