2642 4209
476 186 566 232 11111
587 183 782 231 sruorrrcos.
1074 163 1134 227 288

118 304 284 362 exorditur
302 319 321 359 a
338 302 540 373 conceptibus
559 300 930 361 11111111111111111,1111
945 297 1046 353 maxi-

118 391 170 432 me
183 374 454 430 indeterminatio.
469 372 501 429 ld
514 376 632 429 constat
646 375 676 428 1⁰
699 369 896 442 experientia,
911 371 943 423 2ο
956 382 994 423 11
1011 383 1047 425 11

117 446 196 519 quod
211 447 380 502 intellectus
394 444 430 499 ab
444 444 656 515 imperfectiori
670 443 849 514 cognitione,
866 440 903 493 ad
922 437 1049 495 distinc-
1097 460 1104 479 ν

116 518 440 589 tioremprogreditur.
1084 512 1133 569 161

153 590 275 645 Tussis.
303 591 334 643 11.
359 585 557 643 secundario
581 588 612 640 et
633 601 692 656 per
714 582 918 655 reflexionem
949 594 1047 651 super

115 662 205 715 ectus
213 658 438 715 sensibilitatis
452 657 631 726 singularia
643 652 905 713 intellectualiter
915 666 1047 721 cognos-

117 731 235 786 cimus.
266 733 297 787 1·
324 730 402 784 Pars
430 731 547 783 constat
572 743 608 784 ex
627 725 728 798 dictis,
748 732 783 783 2·
805 722 907 799 partis
931 723 1046 781 veritas

118 801 259 857 clucescit
272 817 309 856 ex
330 816 366 856 eo
384 800 464 871 quod
481 799 649 854 intellectus
669 814 728 855 non
744 794 896 871 cognoscit
915 792 1047 863 singula-

118 873 165 927 ria
185 870 244 927 nisi
256 886 311 942 per
324 873 511 926 characteres
525 873 675 926 externos.
690 870 798 927 Schol.
814 866 963 927 Momenta
975 878 1046 920 sen-

118 943 223 999 tentiae
236 942 376 998 Suarezii.
1081 938 1136 993 162

152 1010 938 1085 Decopnitioneimmaterialium-secundurnrem.

153 1085 263 1140 Tarsis
286 1087 327 1139 111.
351 1085 472 1139 Anima
495 1085 603 1139 nostra
620 1084 758 1154 seipsam
783 1086 955 1156 cognoscit,
981 1095 1045 1137 non

117 1169 178 1229 per
191 1157 372 1221 essentiam,
393 1156 448 1210 sed
461 1170 519 1225 per
533 1169 607 1209 snos
625 1158 725 1210 actus.
746 1156 863 1211 Etenim
882 1157 908 1212 si
927 1170 960 1211 se
974 1167 1046 1221 cog-

118 1230 258 1284 nosceret
270 1241 325 1297 per
340 1241 423 1280 suam
437 1226 606 1294 essentiam,
623 1238 740 1296 semper
755 1240 786 1281 se
806 1229 876 1282 actu
895 1226 1046 1297 intellige·

118 1303 179 1360 ret.
197 1297 303 1354 Schol.
325 1298 430 1352 Anima
448 1311 481 1351 se
504 1296 657 1367 cognoscit
681 1296 778 1370 quoad
801 1298 989 1354 existentiam
1016 1297 1046 1350 et

119 1369 218 1441 quoad
231 1370 399 1424 essentiam.
1083 1364 1135 1421 163

153 1448 264 1502 Tussis
282 1442 327 1495 111.
349 1438 460 1493 Onnes
484 1437 624 1493 rationes
642 1437 870 1493 immateriales
896 1452 1045 1494 reruma

27 1514 31 1525 '
118 1512 265 1571 sensibus
288 1508 337 1565 vel
360 1509 505 1579 proxime
528 1511 559 1563 et
581 1511 700 1563 remote
724 1510 883 1580 originem
909 1509 1043 1571 ducunt,

121 1587 231 1657 quippe
245 1596 312 1637 cum
326 1580 399 1635 nihil
412 1580 510 1650 obstet
525 1580 596 1650 quin
610 1580 653 1634 ita
667 1578 926 1649 deprehendatur..
1082 1577 1135 1633 161

153 1659 196 1712 111
206 1652 344 1727 judicio.
361 1654 443 1706 Mens
457 1666 475 1705 a
488 1650 613 1720 simplici
627 1652 861 1720 apprehensione
885 1651 923 1707 ad
933 1647 1047 1720 judicia
1089 1686 1092 1691 -

118 1737 259 1799 pergens,
274 1723 383 1777 format
398 1722 553 1781 axiomata,
574 1735 703 1791 quorum
721 1723 854 1791 primum
872 1725 919 1777 est
933 1718 1047 1792 prinoi-

118 1798 201 1870 pium
216 1792 467 1853 contradictionis.
483 1795 524 1846 De
538 1791 640 1846 habitu
654 1792 757 1848 innato
774 1792 999 1863 principiorum.
1078 1788 1134 1847 165

153 1872 274 1925 Tussis.
290 1863 435 1932 Simplex
455 1862 664 1933 apprehensio
683 1876 807 1933 semper
821 1864 971 1933 precedit
987 1862 1045 1933 ju-

120 1939 258 2007 dicium,
274 1950 342 1991 nam
357 1935 524 1990 necessaria
534 1931 639 2003 judicii
653 1933 800 1989 elementa
814 1937 885 1990 sunt
898 1934 1047 2005 simplices

121 2009 379 2082 apprehensiones.
1084 2001 1137 2059 165
1188 2064 1191 2069 ,

177 2155 196 2216 s
214 2150 257 2206 111.
277 2150 318 2203 111
336 2146 418 2201 111111
436 2147 515 2201 circa
533 2144 680 2214 originem
698 2144 833 2202 idearum
851 2145 1077 2218 systematihus.

154 2293 175 2347 1.
198 2291 242 2345 De
264 2287 431 2344 idealisrno
456 2285 736 2343 transcendentali.
766 2288 901 2358 cognitio
930 2288 1047 2343 constat

121 2361 258 2432 materia,
279 2374 331 2415 seu
350 2359 496 2413 elemento
519 2372 537 2412 a
554 2358 724 2430 posteriori,
745 2363 775 2413 et
800 2362 895 2414 forma
914 2373 966 2413 seu
987 2358 1047 2413 ele-

120 2434 254 2489 mentoa
272 2430 376 2502 priori.
395 2429 513 2493 Triplex
533 2427 605 2483 ordo
624 2428 799 2486 facultatum
823 2449 831 2483 .·
852 2430 1046 2499 sensibilitas,

120 2503 298 2573 intellectus,
324 2500 409 2555 ratio.
438 2500 516 2554 Ordo
539 2498 663 2554 interior
694 2502 850 2557 materiam
879 2500 1048 2571 suppeditat

120 2573 218 2630 ordini
232 2570 388 2643 superiori.
405 2571 491 2626 Ratio
508 2570 606 2625 omnia
620 2585 687 2640 quae
702 2572 880 2641 cogitatione
895 2573 1046 2641 attingun-

119 2648 183 2716 tur,
203 2644 241 2699 ad
261 2644 407 2698 unitatem
426 2642 590 2697 absolutam
609 2641 729 2714 redigit,
750 2658 805 2713 ope
823 2643 915 2699 trium
934 2642 1047 2697 torma·

120 2714 335 2785 rumapriorh
1085 2710 1136 2767 lor

155 2785 349 2855 Consolatio,
370 2785 490 2838 Tussis.
511 2782 657 2854 Spsterna
680 2784 793 2839 Kantii
812 2783 853 2838 ad
883 2782 1048 2853 explican-

119 2857 194 2913 dam
209 2856 369 2927 originem
383 2854 529 2909 idearum
545 2858 590 2909 est
605 2856 717 2925 impar,
734 2858 763 2910 et
778 2855 815 2910 tn
830 2869 862 2909 se
883 2854 977 2925 plane
993 2854 1048 2909 ab·

117 2928 257 2984 surdum
272 2926 388 2982 Etenim
408 2926 436 2980 1ο
460 2925 659 2995 cognitionem
678 2925 917 2998 inexplicabilem
938 2924 1046 2991 reddit,

119 2998 150 3054 2⁰
173 2998 330 3053 innumera
353 2996 488 3065 congerit
511 3002 688 3060 commenta,
713 2998 743 3050 3⁰
767 2996 957 3065 negationem
982 3011 1048 3051 om-

120 3069 205 3126 nium
219 3069 282 3123 lere
300 3068 462 3123 veritatum
476 3067 627 3137 importat.
1086 3066 1138 3122 168

155 3141 186 3195 11.
201 3140 243 3193 111
259 3137 537 3193 traditionalismo.
552 3139 595 3192 Ex
609 3136 726 3207 loquela
738 3136 865 3208 pendent
882 3150 984 3191 omnes
998 3152 1049 3192 re·

119 3210 225 3265 ritates
243 3208 407 3279 acquisitae,
427 3211 461 3264 ut
480 3209 633 3263 contendit
647 3209 685 3263 de
699 3207 819 3276 Bouald,
837 3210 888 3261 aut
904 3209 1047 3263 veritates

120 3279 233 3336 ordinis
256 3283 373 3335 tantum
396 3279 633 3349 suprasensibilis
648 3282 679 3333 et
702 3278 832 3349 moralis,
859 3280 893 3333 ut
919 3279 983 3333 vuit
1013 3281 1046 3333 D.

118 3353 280 3421 Bennetty,
296 3353 347 3404 aut
365 3350 470 3405 saltem
485 3350 678 3419 cognitiones,
696 3350 783 3419 juxta
804 3350 976 3403 Venturam.
993 3348 1050 3404 Alii

120 3420 249 3492 denique
267 3421 489 3491 Traditionales,
505 3419 626 3476 libidine
640 3421 737 3491 potius
752 3432 841 3491 quam
862 3420 978 3474 ratione
1000 3422 1049 3475 aut

121 3493 304 3562 experientia
319 3491 410 3562 ducti,
426 3492 537 3547 formas
551 3506 569 3547 a
582 3491 739 3548 recensitis
761 3491 829 3561 plus
845 3489 983 3546 minusve
1003 3489 1047 3545 di-

122 3577 224 3620 versas
239 3564 492 3633 excogitaverunt.
916 3564 919 3571 '
1086 3560 1137 3641 169
