2642 4209
416 221 508 267 nunni
529 221 723 268 sruorncus.
1024 204 1084 267 285

58 335 196 393 destruit
209 336 367 393 discrimen
380 334 461 389 reale
474 335 555 391 inter
568 337 714 392 visionem
723 336 890 392 naturalem
900 338 930 391 et
944 338 992 391 vi-

58 408 182 464 sionem
191 407 356 464 beatificam
369 406 475 461 Schot.
492 406 690 463 confirmatur
703 409 796 463 thetis
811 422 847 463 ex
861 408 993 463 declara-

56 478 147 534 tione
161 482 190 534 8.
206 481 296 548 cong.
317 478 527 548 inquisitionis
1029 478 1082 536 183

98 552 209 606 Tussrs
222 553 253 605 ll.
270 548 463 605 Immedieta
476 549 534 604 Dei
553 552 683 604 intuitio
699 564 763 604 non
787 552 833 604 est
851 549 999 614 medium

58 624 250 676 caeterarum
271 622 504 691 ccpnitionum,
530 634 600 674 nam
623 635 708 675 secus
736 622 837 675 statim
857 624 889 677 et
905 620 992 691 plene

59 705 313 761 cognosceremus
326 691 446 746 intimas
459 705 563 745 rerum
577 692 732 760 essentiae,
749 695 806 746 etc.
1026 692 1080 748 185

99 765 209 818 Tussis
222 766 264 819 ΙΙΙ.
279 761 607 833 Semi-onlotopismus
622 766 668 819 est
681 762 890 833 ontolopismo
909 776 991 833 puro

59 834 230 890 absurdior
254 838 284 890 et
306 831 515 903 periculosior
539 836 569 889 1a
594 834 671 889 Pars
695 852 701 887 ι
728 836 774 888 est
797 834 992 904 periculosior

60 907 169 974 utpote
186 906 266 961 viam
285 905 449 975 planiorem
468 905 505 961 ad
526 905 746 975 pantheismum
769 907 800 959 et
818 904 990 959 rationalis-

59 990 147 1031 mum
161 979 307 1031 sternens.
323 980 354 1031 2²
364 976 442 1030 Pers
457 996 466 1029 .·
481 978 527 1030 est
541 976 707 1046 absurdior,
731 990 800 1029 nam
814 974 901 1045 ptura
919 990 991 1029 con-

60 1046 171 1118 t'undit,
192 1050 223 1101 et
245 1050 337 1103 Deum
357 1046 456 1101 reddit
479 1061 546 1101 cum
570 1050 669 1101 moute
693 1048 821 1101 humana
844 1046 989 1115 quodam-

60 1116 152 1172 modo
165 1117 334 1173 identioum.
350 1117 455 1173 Schot.
471 1118 559 1187 Prop.
576 1120 613 1173 IV
626 1120 656 1173 S.
673 1118 761 1187 Cong.
780 1118 842 1187 inq.
1025 1115 1078 1171 185

96 1190 205 1243 Tuusls
218 1190 264 1245 IV.
279 1189 436 1259 Spsteme,
451 1188 537 1258 quod
552 1204 589 1243 ex
603 1190 715 1243 innata
730 1188 802 1243 idea
817 1190 910 1253 entis,
925 1190 991 1243 siue

60 1258 158 1313 realis
171 1262 236 1314 sice
248 1259 417 1330 possibilis,
433 1262 589 1329 oripinem
601 1258 747 1313 idearum
758 1260 884 1329 expetit,
898 1260 991 1314 innu-

58 1332 159 1385 meris
173 1334 268 1385 scatet
277 1329 585 1402 aequivocationibus.
603 1332 632 1384 10
646 1328 807 1385 Confundit
821 1343 875 1385 ens
887 1328 990 1384 intini-

60 1404 127 1455 tum
142 1405 297 1456 cum—ente
309 1404 339 1456 iu
354 1401 517 1470 communi3
536 1406 568 1456 2⁰
586 1414 640 1454 ens
658 1400 808 1456 infinitum
822 1402 991 1455 sensatione

55 1471 320 1545 determinaretur,
340 1472 371 1526 3ο
386 1485 439 1527 eus
461 1471 542 1527 reale
564 1470 650 1526 fieret
676 1473 790 1542 omnia,
815 1485 868 1525 ens
892 1470 987 1527 ideale

57 1544 142 1597 esset
156 1545 302 1599 terminus
316 1543 482 1613 objectivus
501 1541 660 1613 cujustibet
674 1543 861 1612 cognitionis.
882 1541 987 1598 Senot.

59 1614 150 1684 Prop.
167 1616 201 1669 V.
217 1616 246 1670 S.
263 1616 352 1685 Gong.
368 1617 430 1684 lnq.
543 1677 545 1683 Ι
699 1679 702 1684 ,
1025 1614 1078 1670 186

437 1739 635 1794 ARTIGULUS
654 1740 696 1795 III.

475 1862 514 1909 De
527 1860 663 1911 politione.

95 1969 250 2024 Volitionis
265 1981 373 2022 nomen
388 1968 471 2023 varie
486 1968 624 2023 sumitur.
646 1967 754 2024 Volitio
774 1971 810 2022 in
824 1965 902 2036 facto
923 1982 987 2024 esse

58 2039 170 2095 dicitur
184 2039 395 2094 voluntarium.
420 2039 465 2093 Ad
488 2040 690 2095 voluntarium
713 2040 840 2093 liberum
859 2040 988 2109 quatuor

56 2110 267 2181 requiruntur.
1024 2113 1077 2168 188

92 2182 267 2251 subjectum
281 2180 427 2235 libertatis
446 2181 492 2235 est
509 2180 663 2250 voluntas3
681 2194 769 2235 causa
788 2180 921 2249 eJusdem
941 2184 989 2237 est
1158 2194 1162 2201 ’

56 2252 148 2323 ratio,
165 2266 231 2321 quae
244 2251 429 2306 voluntatem
443 2252 547 2321 dirigit
559 2265 613 2321 per
623 2250 779 2320 Judicium,
795 2254 860 2306 tum
880 2265 988 2322 specu-

55 2324 186 2378 lativum
201 2326 264 2377 tum
278 2322 452 2391 practioum.
1023 2324 1076 2381 189

92 2396 204 2449 Tussis
225 2396 243 2448 1.
272 2392 456 2448 Intellectus
475 2395 581 2446 mouet
599 2394 795 2447 voluntatem
815 2408 883 2447 non
902 2394 990 2465 physs·

55 2467 121 2520 sice
135 2465 191 2519 sed
210 2464 382 2535 moraliter,
398 2462 503 2519 medio
526 2478 640 2533 nempe
663 2464 788 2534 objeeto-
805 2464 890 2535 quod
910 2481 988 2536 pro-

56 2538 161 2606 ponit.
174 2539 203 2591 ta
213 2535 290 2590 Pars
308 2554 315 2590 :
330 2537 441 2607 movet,
457 2550 526 2590 nani
539 2534 582 2589 nil
595 2534 725 2589 volitum·
736 2536 805 2605 quin
820 2539 988 2605 praecogni-

59 2614 134 2661 tum.
150 2610 183 2662 2ἓ
197 2606 290 2679 Pars3
305 2609 406 2663 movet
419 2606 584 2668 moraliter,
600 2620 670 2661 nam
683 2606 830 2661 voluntati
847 2609 988 2677 proponit

58 2678 208 2747 objectum
222 2680 256 2732 ut
271 2678 450 2733 conveniens
463 2676 512 2732 vel
526 2676 748 2731 inconveniens
1023 2678 1076 2734 189

94 2752 202 2803 Tussis
219 2750 251 2802 Η.
271 2748 435 2819 Voluntas,
446 2747 546 2802 <modo
565 2747 786 2815 determinate,
812 2753 932 2804 moueri
947 2766 997 2819 po·

59 2822 117 2874 test
139 2834 198 2889 per
216 2820 376 2890 quodlibet
395 2819 558 2889 judicium
580 2822 645 2875 siue
668 2819 898 2889 speculatiuum
922 2824 987 2877 siue

56 2893 245 2959 practicam.
262 2891 414 2961 0bjecturn
428 2893 513 2945 actus
527 2889 610 2945 tiberi
630 2889 663 2945 fit
685 2904 827 2963 praeseus,
844 2894 988 2961 quantum

57 2961 131 3015 satis
145 2964 191 3015 est
204 2976 258 3030 per
268 2963 413 3032 Judicium
427 2960 652 3031 speculativum.

92 3035 202 3087 Tuane
220 3034 261 3087 111.
290 3031 456 3103 Voluntas,
473 3035 577 3103 posito
597 3035 692 3087 etiem
705 3032 829 3101 judicio
843 3037 986 3106 practico,
1010 3096 1012 3101 ,

55 3104 160 3172 potest
184 3119 243 3171 pro
264 3101 350 3159 libito
370 3105 405 3157 in
424 3106 602 3174 oppositum
621 3108 745 3173 purtem
764 3105 850 3174 flecti
871 3124 878 3159 z
899 3108 988 3161 Secus

61 3176 87 3228 1⁰
101 3174 239 3244 quaelibet
258 3175 350 3229 motio
364 3174 457 3229 libera
472 3174 635 3229 voluntatis
654 3173 806 3230 indefinite
821 3178 987 3246 expostula-

57 3247 105 3300 ret
115 3246 227 3314 judicia
240 3246 384 3315 practica;
401 3249 431 3299 2⁰
452 3246 517 3315 ipsa
536 3246 676 3300 voluutas
696 3261 801 3316 reapse
829 3262 889 3302 nou
909 3251 988 3303 esset

57 3316 159 3370 libera.
175 3318 206 3370 3ὓ
221 3317 350 3387 Idipsum
364 3320 482 3372 constat
495 3316 688 3387 experientia.
703 3316 810 3374 Senot.
827 3318 988 3389 Explicatio

57 3387 252 3455 quorumdam
266 3387 411 3458 rejicitur.
1023 3392 1073 3447 191
1176 3444 1179 3446 .
