2642 4209
220 232 283 293 240
422 295 426 302 ἱ
534 244 713 290 nnxvnuruu
733 224 933 291 curiosorum

220 365 259 425 ut
279 364 355 423 actu
374 360 560 439 intelligant
577 380 584 421 :
601 359 649 421 sic
672 360 770 421 etiam
791 359 980 424 derivantur
1000 362 1035 423 ln
1056 365 1239 435 creaturas

219 446 257 507 ut
277 438 459 511 subsistant
481 464 510 501 ι.
533 442 633 519 Atqui
654 440 774 502 veritas
796 438 940 503 formalis
960 443 994 503 in
1013 441 1241 505 intellectibus
1289 495 1290 498 ,

221 522 339 584 creatis
371 522 471 582 oritur
501 535 543 580 ex
573 519 718 598 quadam
744 520 974 599 coniunctione
994 522 1139 584 veritatis
1162 536 1240 601 quae

221 608 273 664 est
292 602 327 662 in
346 601 458 670 rebus,
482 615 557 660 cum
578 601 703 661 lumine
723 600 949 663 intellectuali.

260 682 345 759 Ergo
368 681 474 741 omnis
495 680 615 741 veritas
637 695 707 757 qua
730 683 781 739 est
801 680 854 742 vel
875 680 1003 759 concipi
1022 686 1135 758 potest
1155 696 1239 759 prae·

221 765 272 822 ter
293 763 408 832 Deum,
429 758 556 837 pendet
576 776 596 820 a
617 760 699 834 Deo,
721 763 879 838 tanquam
900 777 920 822 a
941 778 999 823 suo
1022 762 1186 841 principio
1207 764 1242 823 et
1288 814 1289 817 ,

221 839 402 918 exemplari
423 855 461 900 ao
481 854 648 899 mensura.
921 858 923 863 ’

259 922 330 984 294.
354 954 393 965 -
415 918 523 979 δοιοί.
546 917 720 994 Exemplar
734 916 882 979 divinum
902 918 1019 997 inspici
1032 923 1152 995 potest,
1170 934 1240 980 non

220 998 318 1063 modo
340 1005 494 1076 respectu
517 998 733 1073 possibilium,
755 1013 864 1059 rerum
887 1004 1071 1061 creatarum
1093 1003 1127 1060 ει
1146 998 1240 1061 ideo·

220 1080 326 1159 logia,
348 1093 464 1141 verum
496 1079 596 1140 etiam
625 1082 782 1155 respectu
812 1076 935 1139 ordinis
964 1078 1097 1155 moralis
1127 1076 1182 1157 (ι).
1205 1078 1241 1139 ln

222 1159 338 1221 ordine
361 1158 449 1219 enim
476 1157 591 1219 morab
623 1156 688 1217 duo
721 1156 920 1219 considerari
942 1160 1092 1234 possunt,
1115 1158 1241 1221 scilicet

222 1240 393 1318 obJ'ectum
414 1237 593 1313 appetibile
616 1253 678 1299 seu
698 1236 834 1310 bonum,
859 1241 891 1299 ει
911 1237 1107 1315 principium
1127 1236 1240 1317 subje-

222 1322 355 1392 ctivum,
380 1332 445 1394 quo
468 1319 615 1377 actiones
637 1317 751 1378 liberas
775 1322 1010 1393 temperantur,
1031 1316 1067 1378 id
1096 1322 1160 1391 est,
1180 1318 1195 1397 j
1225 1350 1237 1360 -

221 1398 343 1461 dicium
377 1397 558 1475 practicam
579 1395 713 1457 rationis
734 1395 782 1475 (ll,
806 1397 876 1470 303,
901 1396 981 1476 307).
1004 1395 1102 1456 Porro
1126 1395 1241 1474 quoad

243 1481 367 1539 morum
398 1499 411 1529 ‹
445 1475 707 1553 unumquodque
738 1474 856 1536 dicitur
877 1476 1002 1537 bonum
1023 1474 1240 1538 similitudine

216 1495 376 1620 ssonitalis
405 1555 524 1617 divinae
559 1555 621 1616 sibi
654 1555 851 1630 inbaerente,
875 1572 945 1634 qua
976 1562 1027 1617 est
1056 1555 1242 1619 formaliter

220 1654 279 1699 sua
302 1637 431 1699 bonitas
453 1633 670 1697 denominans
692 1635 829 1713 ipsum»
849 1634 903 1713 (2).
920 1630 1036 1710 Qu'oad
1050 1638 1240 1712 secundum,

220 1732 342 1795 nempe
364 1714 475 1793 quoad
497 1714 713 1793 subjectivam
734 1716 885 1793 regulam
907 1716 1082 1788 actionum,
1098 1716 1165 1776 haec
1188 1731 1239 1777 re·

221 1798 300 1876 gula
322 1796 470 1857 consistit
496 1796 530 1856 in
559 1794 728 1871 principiis
753 1794 916 1870 practicis,
941 1812 1011 1873 qua
1034 1796 1242 1857 constituunt

221 1879 334 1957 legem
369 1874 563 1936 naturalem.
594 1875 694 1951 Atqui
722 1874 777 1933 lex
807 1874 964 1935 naturalis
1001 1878 1053 1935 est
1087 1874 1240 1953 quadam
1309 1886 1310 1979 ι

222 1954 426 2037 participatio
448 1954 532 2033 legis
553 1957 696 2020 aternae‚
720 1969 795 2030 quae
818 1958 866 2014 est
889 1955 1040 2016 voluntas
1070 1955 1131 2015 Dei
1163 1970 1241 2016 cre·
1309 1988 1310 1993 κ

222 2037 307 2098 antis
329 2046 361 2095 ει
381 2034 597 2113 gubernantis
613 2037 779 2096 creaturas
793 2032 912 2095 intuitu
932 2031 1016 2095 finis.
1034 2035 1146 2111 ltaque
1160 2050 1240 2095 oum

221 2118 304 2177 ratio
326 2119 446 2177 aterna
466 2115 508 2174 sit
527 2113 641 2191 regula
666 2113 821 2177 directiva
848 2114 907 2175 Dei
934 2114 1113 2191 operantis,
1135 2114 1241 2192 liquet

221 2194 437 2275 subJ‘ectivam
458 2210 520 2255 seu
540 2192 723 2270 proximam
744 2195 929 2255 nostrarum
950 2196 1112 2256 actionum
1134 2210 1236 2274 regu·

221 2276 288 2337 lam
308 2272 440 2337 fundari
459 2275 494 2335 in
514 2274 585 2351 ipsa
606 2272 734 2334 ratione
757 2272 875 2333 divinae
897 2272 1080 2349 sapientiae.

264 2355 389 2415 «Sicut
419 2356 502 2416 ratio
534 2352 652 2414 divinae
687 2353 869 2427 sapientiae,
898 2355 943 2414 ait
973 2354 1006 2413 S.
1028 2354 1180 2425 Thomas,
1205 2354 1240 2415 in

222 2442 381 2514 quantum
401 2448 460 2512 per
481 2449 555 2494 eam
577 2438 693 2493 cuncta
716 2437 794 2494 sunt
815 2436 934 2504 creata,
954 2434 1117 2495 rationem
1137 2432 1241 2494 habet

221 2518 299 2578 artis
319 2515 373 2576 vel
395 2513 603 2589 exemplaris,
620 2513 674 2573 vel
694 2510 787 2584 ideae,
802 2510 847 2572 ita
868 2512 950 2572 ratio
974 2511 1093 2573 divinae
1107 2513 1239 2590 sapien·

221 2598 276 2658 uae
298 2593 458 2656 moventis
479 2592 591 2654 omnia
611 2590 655 2651 ad
678 2590 825 2651 debitum
846 2589 957 2665 finem,
981 2592 1108 2656 obtinet
1136 2593 1236 2654 ratio·

222 2692 299 2739 nem
320 2674 404 2753 legis
428 2697 442 2727 »
467 2671 502 2752 (1,
527 2672 564 2745 ll,
589 2689 621 2750 q.
644 2673 675 2745 3,
699 2686 730 2730 a.
755 2669 796 2749 l).

625 2783 659 2832 Il.
674 2780 709 2832 De
722 2778 846 2831 bonitate.

223 2885 295 2950 395.
317 2920 356 2929 —
376 2884 485 2946 Tuxsrs
507 2882 533 2943 l.
557 2885 594 2945 [a
611 2884 677 2942 Deo
706 2886 750 2942 est
779 2892 908 2943 summo
927 2884 957 2942 et
977 2881 1163 2943 omnimoda
1187 2882 1239 2944 bo·

262 2968 358 3026 odos.

239 3046 358 3120 ¹l’rob.
381 3046 470 3105 Deus
493 3056 535 3103 ex
556 3038 737 3101 intrinseca
758 3038 887 3099 ratione
917 3052 986 3097 suae
1019 3040 1168 3101 essentiae
1191 3044 1242 3102 est

223 3123 393 3205 plenitudo
428 3128 504 3184 actu
537 3122 684 3182 existens
716 3120 816 3178 totius
847 3115 1058 3195 perfectionis
1079 3120 1129 3197 (ll,
1152 3118 1240 3261 3433

224 3205 314 3282 atqui
338 3203 468 3265 bonitas
490 3206 542 3263 est
562 3197 736 3277 perfectio.
762 3198 845 3276 Ergo
868 3199 956 3258 Deus
988 3202 1038 3259 est
1067 3199 1196 3276 plenitu
1222 3217 1240 3262 o

227 3283 326 3345 totius
355 3285 522 3352 bonitatis
545 3296 606 3341 seu
636 3282 687 3340 est
719 3278 855 3349 bonum,
881 3293 948 3340 non
978 3277 1063 3339 intra
1095 3279 1242 3356 aliquem

225 3363 375 3426 ordinem
404 3366 460 3423 aut
489 3361 635 3421 bonitate
667 3358 728 3419 sibi
760 3356 970 3428 adveniente,
993 3356 1055 3419 sed
1087 3358 1242 3423 absolute

226 3448 294 3506 tota
313 3442 469 3504 bonitatis
490 3442 629 3515 ratione,
652 3454 715 3501 seu
736 3441 787 3498 est
807 3440 879 3515 ipsa
901 3442 968 3498 tota
994 3438 1137 3501 bonitas.

254 3563 288 3625 (1)
302 3561 368 3613 Vide
381 3562 414 3611 R.
427 3562 459 3610 P.
474 3559 624 3609 liberatore
637 3569 645 3608 t
660 3556 740 3609 Dello
753 3570 856 3609 cenoso.
868 3558 892 3609 11
904 3571 941 3623 p.,
955 3572 979 3609 c.
992 3556 1017 3608 8.

255 3649 289 3714 (2)
301 3651 328 3701 S.
341 3650 400 3709 Th,
414 3649 475 3712 lp,
488 3662 515 3711 p.
528 3646 553 3710 4,
567 3660 592 3696 a.
606 3648 629 3697 4.
