2642 4209
408 294 500 341 iunnx
520 295 715 344 succurrens
1010 279 1069 342 287
1104 268 1106 273 ’

84 412 319 483 Argumentum
349 407 528 480 physicum.
563 413 684 467 Tnnsrs.
714 410 764 467 Ex
794 410 980 469 admirabili

45 484 167 539 ordine
181 481 298 537 mundi
309 479 471 537 euidenter
484 479 723 538 demonstratur
735 482 791 538 Dei
802 483 979 539 existentia.

46 554 134 609 Ordo
149 554 229 609 enim
239 551 474 623 perfectissimus
488 550 620 608 declarat
629 553 881 624 sapientissimum
896 554 980 609 ordi-

44 628 200 681 natorem.
226 622 327 679 Gorol.
356 622 517 678 Harmonia
543 624 675 694 partium
703 624 807 680 mundi
834 624 980 681 unitatem

50 694 263 766 causaepalam
278 693 358 750 iacit.
1015 697 1069 751 2115

84 766 324 837 Argumentum
335 761 463 819 morale.
474 767 593 820 Tnnsrs
607 764 657 820 Ex
670 764 822 823 unanimi
834 767 979 823 constan·
1014 772 1017 779 '

48 837 142 909 tique
173 837 296 908 pencris
330 835 467 890 humani
508 850 666 894 consensu
704 837 741 891 in
779 837 980 907 agnoscenda

46 908 196 990 supremi
207 907 357 963 numinis
367 906 547 976 existentia,
564 906 706 977 legitime
721 904 860 974 infertur
872 909 971 963 Deum

47 982 195 1050 existere,
224 992 293 1033 nam
321 990 484 1033 consensus
510 978 676 1033 communis
709 977 828 1048 generis
855 978 977 1035 humani

48 1050 158 1123 nequit
171 1063 237 1106 esse
250 1049 349 1105 fallax.
364 1047 469 1105 Scltol.
486 1048 557 1103 Esse
571 1049 819 1119 nequeuntvathei
832 1048 974 1119 negativi.
1013 1051 1068 1107 206

464 1181 591 1245 CAPUT
611 1185 670 1246 ll..

445 1332 516 1384 QUID
537 1330 584 1378 slr
598 1333 675 1379 DEUS

439 1448 638 1507 ARTICULUS
652 1452 674 1505 Ι.

279 1572 320 1621 De
339 1571 415 1620 modo
436 1571 610 1635 cognoscendi
627 1572 694 1635 quid
711 1572 746 1621 sit
765 1561 846 1622 Deus.

83 1688 205 1760 Triplex
218 1688 308 1744 datur
319 1688 369 1743 Dei
384 1686 514 1757 cognitio
535 1706 542 1743 :
554 1688 810 1760 comprehensiva,
824 1687 973 1762 intuitiva,

47 1774 107 1830 per
134 1763 297 1816 creaturas.
323 1761 384 1813 Hoc
408 1758 513 1813 ultimo
541 1758 628 1814 modo
651 1763 744 1815 Deum
771 1759 803 1813 in
830 1760 886 1815 hac
913 1761 977 1816 vita

48 1832 267 1901 cognoscimus.
292 1832 360 1885 Haec
388 1829 518 1898 cognitio
540 1830 693 1886 obtinetur
720 1834 749 1887 1ο
768 1844 823 1899 per
841 1830 975 1887 affirma-

46 1901 156 1968 tiones,
169 1905 199 1957 20
211 1916 267 1972 per
280 1901 463 1970 negationes
485 1900 516 1955 3ο
538 1915 594 1971 per
612 1902 814 1957 eminentiam.
832 1903 899 1957 Istae
912 1906 975 1959 tres

47 1972 182 2029 rationes
197 1976 268 2028 sunt
286 1972 462 2042 conjunctae.
1011 1977 1064 2032 2118

83 2046 197 2098 Tliltsls
226 2046 247 2100 1.
266 2043 383 2099 Nostra
406 2039 621 2112 quidditatioa
643 2042 701 2098 Dei
729 2042 881 2115 cognitio,
903 2043 976 2101 licet

47 2114 237 2185 imperfecta
262 2116 307 2169 est
326 2112 548 2169 nihilominus
572 2128 653 2171 nera.
668 2116 777 2171 Nostra
798 2115 878 2171 enim
894 2114 975 2186 judi·
1091 2163 1095 2170 .

47 2185 95 2240 cia
110 2184 224 2254 objecto
239 2186 430 2256 respondent.
1000 2190 1052 2244 210

83 2257 195 2313 Tussis
226 2258 257 2310 ll.
290 2256 462 2325 Simplices
495 2256 728 2325 affirmationes
758 2258 820 2315 Deo
858 2255 976 2314 directe

49 2325 199 2383 tribuunt
212 2326 422 2397 perfectiones
436 2324 610 2398 simplices,
627 2342 696 2383 nam
711 2326 869 2385 affirmatio
884 2326 976 2384 decla·

47 2401 97 2452 rat
112 2398 286 2468 simpliciter
301 2398 477 2453 attributum
496 2400 657 2455 convenire
672 2398 815 2468 subiecto.
1010 2401 1061 2456 211

83 2471 195 2524 Tnnsrs
209 2470 251 2523 lll.
267 2468 459 2538 Negationes
474 2465 511 2525 in
527 2474 620 2534 recto,
635 2468 703 2524 sive
722 2469 880 2539 defectum
898 2482 975 2540 per-

48 2537 227 2607 fectionum
256 2540 442 2603 mixtarum,
477 2540 543 2597 siue
571 2540 847 2611 imperfectionem
876 2539 973 2605 modi,

49 2625 112 2680 quo
127 2612 330 2681 concipimus
343 2611 553 2680 perfectiones
566 2610 738 2683 simplices,
755 2628 773 2666 a
786 2612 848 2669 Deo
862 2614 979 2665 arcent.

48 2681 208 2751 Nequeunt
228 2683 307 2736 enim
333 2681 390 2751 ipsi
414 2682 562 2753 denegare
585 2694 802 2753 quamcumque
820 2680 973 2751 perlectio-

49 2766 128 2807 nem.
144 2752 248 2808 Schot.
265 2756 339 2808 Deus
352 2751 512 2823 perfectius
526 2753 716 2824 cognoscitur
734 2765 788 2823 per
802 2751 974 2822 negationes

50 2823 437 2893 quamperatlirmationes.
841 2871 843 2875 .
1009 2823 1059 2879 211

81 2892 974 2967 lunsrslv.Affirmationespererninentiaminreclocle

48 2972 110 3025 Deo
120 2965 221 3021 simul
235 2966 399 3034 affirmant
412 2968 622 3038 perfectiones
635 2963 800 3035 simplices
815 2968 844 3020 et
857 2967 975 3035 negant

51 3037 178 3097 easdem
201 3051 265 3091 esse
289 3036 327 3091 in
354 3038 418 3094 Deo
445 3037 624 3095 seeundum
651 3035 786 3090 modum
812 3050 874 3106 quo
901 3034 974 3091 illas

50 3107 333 3184 apprehendimus,
349 3108 495 3179 siquidem
509 3108 661 3164 declarant
671 3105 869 3176 perfectiones
883 3118 974 3177 supe-

50 3179 245 3240 reminentius
263 3193 329 3233 esse
358 3180 389 3234 in
413 3183 483 3236 Deo.
510 3179 612 3235 Corol.
640 3176 781 3233 Pluribus
804 3177 975 3233 notionibus

49 3258 143 3311 Deum
161 3250 377 3319 cognoscimus.
1010 3248 1063 3304 212

429 3366 626 3423 ARTIGULUS
645 3365 677 3421 Π.

461 3490 501 3539 De
518 3504 573 3539 esse
590 3488 653 3541 Dei.

85 3617 194 3671 Tussis
218 3608 238 3664 Ι.
253 3612 332 3665 Deus
364 3622 431 3663 non
463 3608 568 3662 estin
598 3604 707 3677 aliquo
740 3619 863 3677 genere,
894 3620 980 3664 secus

52 3681 252 3744 contrahitilis
266 3695 301 3737 ae
314 3676 547 3735 determinabilis
556 3680 634 3734 esset
644 3679 710 3749 eJ'us
728 3676 820 3733 notio.
1004 3682 1058 3740 213
