2642 4209
268 274 465 321 imrurursica
485 274 644 321 spasmus.
660 291 700 303 -
714 276 818 320 rauci.
841 276 909 321 uir.
1034 256 1096 321 229

68 387 224 465 proinde
247 407 266 451 a
288 406 324 452 se
345 394 532 454 removeret
554 390 799 453 distinctionem
819 390 903 453 hanc
922 388 1096 455 formalem

69 472 107 531 et
128 471 274 533 realem.
296 471 394 548 Ergo.

112 550 152 609 2⁰
180 552 259 623 Ens,
286 549 376 627 quod
403 549 645 612 distinctionem
672 567 805 612 omnem
825 548 948 611 realem
975 553 1008 611 et
1026 548 1094 613 fcr-

68 630 204 690 malom
245 635 321 691 ante
351 629 471 690 mentis
501 646 520 691 ο
548 626 729 691 orationem
763 628 974 705 excluderet,
1007 634 1099 693 esset

68 710 224 786 simplex
253 712 287 771 in
318 710 481 785 superiori
510 648 725 786 simplicitatis
759 709 865 789 gradu
899 725 999 787 quam
1034 726 1094 774 ens

71 788 173 865 quod
194 791 280 850 banc
302 788 544 852 distinctionem
566 790 765 853 admitteret.
794 789 893 867 Atqui
921 790 1010 851 Deus
1043 793 1096 851 est

71 884 139 931 ens
164 869 451 946 simplicissimum,
473 886 512 930 ac
532 868 672 949 proinde
692 870 726 930 in
747 885 874 931 summo
901 868 1091 949 simplicita-

71 949 116 1010 tis
140 949 262 1023 gradu.
277 950 361 1026 Ergo
378 945 431 1027 (1).

115 1030 193 1091 371.
237 1063 276 1072 -
319 1028 549 1091 corollarium.
592 1029 639 1090 Ex
677 1028 771 1091 dictis
811 1028 916 1107 liquet
957 1026 1090 1089 distinc-

73 1107 208 1169 tionem
228 1108 361 1170 rationis
382 1107 578 1169 ratiocinata
599 1107 692 1187 (391),
716 1112 782 1179 aut,
815 1108 842 1169 si
862 1108 922 1181 viS,
956 1106 1090 1169 distinc-

70 1188 207 1250 tionem
235 1189 405 1250 virtualem
436 1186 499 1266 (111,
534 1188 604 1260 388,
627 1188 697 1263 391)
720 1188 789 1249 dari
823 1189 910 1249 inter
940 1187 1093 1249 attributa

71 1271 151 1329 tum
172 1269 323 1329 absoluta
351 1272 421 1328 tum
440 1267 576 1329 relativa
606 1273 795 1347 comparata
827 1266 869 1329 ad
902 1267 1091 1328 essentiam.

72 1348 150 1409 Haec
174 1348 263 1409 enim
285 1347 447 1409 distinctio
469 1361 537 1407 non
569 1351 621 1409 est
649 1347 752 1409 realis
781 1352 838 1409 aut
867 1346 1017 1423 formulis
1035 1364 1092 1408 ue-

71 1427 178 1488 tuutis
196 1444 238 1489 eae
252 1433 372 1489 nutura
386 1427 445 1498 ret,
468 1441 579 1504 neque
600 1444 692 1490 mera
713 1427 885 1488 nominum
907 1426 1089 1500 diversitas

73 1520 141 1568 seu
164 1505 329 1569 distinctio
354 1506 489 1568 rationis
509 1508 743 1582 ratiocinantis,
767 1506 827 1568 sed
850 1506 1012 1569 distinctio
1035 1522 1089 1567 se·

78 1585 233 1649 cundum
255 1590 465 1664 conceptum,
487 1589 548 1659 κατῖ
570 1586 698 1653 tuticus.

264 1708 310 1758 Ill.
324 1709 362 1758 De
375 1706 539 1757 distinctione
552 1706 735 1757 attributorum
748 1707 781 1757 ab
794 1706 911 1758 invicem.
947 1776 950 1781 Ι

117 1816 193 1879 372.
216 1812 256 1860 ’-
275 1818 331 1878 Hic
352 1832 419 1876 non
443 1817 551 1893 agitur
581 1814 624 1877 de
655 1815 819 1878 attributis
848 1816 908 1877 Dei
938 1815 1095 1889 relativis,

78 1912 153 1973 quae
176 1897 340 1974 attingunt
371 1912 544 1971 personas,
568 1911 629 1957 seu
650 1895 693 1957 de
714 1896 927 1957 relationibus
952 1895 1097 1957 realibus

76 1975 211 2047 divinis,
236 1992 306 2053 qua
326 1975 412 2035 iuter
432 1992 469 2035 se
489 1976 621 2037 realiter
643 1975 886 2053 distinguuntur
908 1996 916 2037 :
941 1975 1095 2037 dehisce

74 2055 293 2116 relationibus
315 2060 418 2133 agunt
437 2054 596 2133 Theologi
609 2056 643 2115 in
664 2060 804 2117 tractatu
826 2055 868 2116 de
884 2054 1098 2118 sanctissima
1218 2066 1220 2069 ’

75 2129 247 2197 trinitate.
269 2135 385 2211 Agitur
404 2136 517 2212 itaque
538 2134 581 2197 de
603 2136 764 2197 attributis
786 2135 954 2197 absolutis.

75 2259 149 2320 373.
175 2292 214 2301 -
233 2260 350 2319 Tarsis.
375 2258 426 2318 lv,
448 2260 535 2317 luter
554 2258 713 2321 attributa
733 2256 882 2319 absoluta
896 2260 940 2319 ud
959 2259 1096 2321 inuicem

116 2338 460 2480 mysiam-eudem
480 2338 564 2413 vipet
577 2339 736 2399 distinctio
752 2354 791 2398 uc
805 2340 886 2400 tuter
900 2338 966 2399 tae
982 2340 1095 2399 eadem

116 2536 291 2597 Probatur.
316 2537 359 2597 Ea
380 2535 560 2597 virtualiter
580 2551 641 2598 seu
663 2536 869 2598 distinctione
883 2538 1021 2597 rationis
1034 2552 1090 2597 ru·

76 2617 241 2687 tioeiuatae
268 2616 427 2693 distingui
448 2615 610 2688 dicuutur,
634 2632 705 2693 quae
739 2618 768 2677 1ο
792 2632 894 2677 unam
926 2614 1091 2678 eamdem·
1165 2682 1167 2687 ,
1238 2590 1241 2595 ¹

78 2712 145 2775 que
167 2694 440 2773 simplicissimam
459 2696 584 2757 habent
613 2694 793 2769 entitatem,
825 2711 957 2757 necnon
987 2697 1021 2757 2⁰
1048 2696 1091 2757 ob

77 2792 174 2854 suam
204 2777 422 2854 prestantium
447 2774 595 2851 pluribus
625 2776 838 2853 aequivalent;
869 2774 960 2837 unde
990 2776 1093 2837 menti

75 2860 197 2917 nostrae
216 2853 469 2917 fundamentum
491 2860 523 2916 et
544 2870 677 2916 causam
710 2856 857 2933 praebent
887 2855 1091 2923 diversorum

79 2939 303 3011 conceptuum
323 2934 417 3014 (391).

115 3014 217 3091 Atqui
239 3015 392 3077 attributa
414 3011 514 3075 adse
546 3012 684 3076 invicem
717 3018 905 3091 comparata
935 3016 963 3075 1ο
992 3030 1094 3075 unam

79 3094 208 3155 habeut
230 3093 414 3171 etquidem
436 3092 708 3169 simplicissimam
731 3092 900 3155 entitatem
924 3113 932 3155 :
954 3093 1022 3155 haec
1045 3099 1095 3157 est
1204 3102 1207 3108 “

80 3177 227 3235 essentia
248 3174 369 3242 divina,
394 3189 464 3250 quae
483 3174 519 3234 2⁰
540 3175 582 3236 ob
617 3189 711 3235 suam
744 3189 906 3235 summam
936 3177 1095 3250 prestan-

74 3256 156 3316 tiam
177 3254 325 3331 pluribus
346 3252 528 3331 equivalet
551 3259 650 3330 atque
673 3254 802 3314 nonnisi
833 3268 893 3331 per
914 3260 1094 3331 conceptus

81 3331 241 3407 diversos,
264 3335 319 3412 qui
342 3333 436 3395 nobis
458 3332 615 3394 exhibent
646 3334 799 3400 attributa
831 3333 992 3404 distincta,
1015 3349 1091 3410 per-

78 3414 142 3490 cipi
163 3418 283 3490 potest.
305 3414 390 3493 Ergo
412 3414 498 3473 inter
517 3414 585 3474 haec
607 3412 760 3475 attributa
783 3413 933 3475 absoluta
956 3417 1008 3476 est
1028 3413 1092 3475 dis·

77 3492 190 3556 tinctio
205 3493 339 3556 rationis
355 3494 561 3567 ratiocinata,
584 3508 736 3555 seucum
749 3490 967 3556 fundamento
989 3492 1024 3555 iu
1040 3507 1090 3555 re.

112 3655 147 3719 (1)
161 3656 300 3721 Tournely,
315 3658 348 3705 de
360 3656 416 3705 Deo
428 3670 455 3719 q.
469 3655 494 3717 3,
508 3670 524 3705 a
536 3654 562 3707 2.
